
   <marc:record>
      <marc:leader>      am         3u     </marc:leader>
      <marc:datafield tag="042" ind1=" " ind2=" ">
         <marc:subfield code="a">dc</marc:subfield>
      </marc:datafield>
      <marc:datafield tag="720" ind1=" " ind2=" ">
         <marc:subfield code="a">National Educational Television and Radio Center</marc:subfield>
         <marc:subfield code="e">Broadcaster</marc:subfield>
         <marc:subfield code="0">http://id.loc.gov/authorities/names/n80050382</marc:subfield>
      </marc:datafield>
      <marc:datafield tag="720" ind1=" " ind2=" ">
         <marc:subfield code="a">Intertel</marc:subfield>
         <marc:subfield code="e">Undetermined</marc:subfield>
         <marc:subfield code="0">http://id.loc.gov/authorities/names/nr98038189</marc:subfield>
      </marc:datafield>
      <marc:datafield tag="720" ind1=" " ind2=" ">
         <marc:subfield code="a">Australian Broadcasting Commission</marc:subfield>
         <marc:subfield code="e">Production Company</marc:subfield>
         <marc:subfield code="0">http://id.loc.gov/authorities/names/n80157635</marc:subfield>
      </marc:datafield>
      <marc:datafield tag="720" ind1=" " ind2=" ">
         <marc:subfield code="a">Holtzman, Boris</marc:subfield>
         <marc:subfield code="e">Producer</marc:subfield>
      </marc:datafield>
      <marc:datafield tag="260" ind1=" " ind2=" ">
         <marc:subfield code="c">1967-2-20</marc:subfield>
      </marc:datafield>
      <marc:datafield tag="520" ind1=" " ind2=" ">
         <marc:subfield code="a">From NET microfiche: Description The "miracle" was the creation of a Jewish
         nation - Israel - in 1948. After centuries of oppression and rootlessness, the Jews had a
         land of their own, though it was situated in the midst of a hostile Arab world. Eighteen
         years later, in this Intertel production, the Australian Broadcasting Commission has probed
         the nature of the Israeli people, especially the young, who are the first generation truly
         indigenous to this new land. The documentary concentrates on five aspects of life here:
         Defense: Living under a constant threat of war, Israel has been an armed state since its
         inception. This point has been dramatized within the past few weeks by border incident
         between Israel and Jordan, which have roused the saber-rattling Arabs (especially in
         Nasser's United Arab republic) to a new pitch. Religion: The documentary finds that most
         Jews here are not religious, though the orthodox minority holds the balance of power in
         government. Especially among young people, the country is increasingly secularized, bound
         rather by a common heritage and a common fate. Integration: Jews do not share a common
         cultural history, for the country contains people from 80 different nation, with the split
         especially marked between the more cultured Jews and Jews from the Orient who feel less
         privileged here. Development: Citrus fruits, science, and tourism are the main industries
         here. Science is shown helping to conquer the desert through a huge National Water Carrier.
         Atomic energy is being used meanwhile to desalinate sea water. The Arab Minority: Cut off
         from their native lands, the nation's quarter of a million Arabs has faced strict military
         control and a poor standard of living. Israel is shown attempting to cope with their
         problems. Edward, an Arab student at the Hebrew University in Jerusalem, describes the
         difficulty of living here as an outsider. Other young people appearing in the film include:
         H'ava, a 19-year-old girl serving in the national army and studying to be an artist;
         Yehuda, a boy who is training to be a rabbi at a rural Yeshiva; and Danny (an Algerian) and
         Avni (a Yemenite), two young delinquents from the poorest part of Tel Aviv. The Australian
         film crew visits the Mandelbaum Gate, which divides New and Old Jerusalem and separates
         Arabs in Jordan from their relatives. Here, the families meet briefly, then must go back to
         their separate lands. Program Credits NET Journal - After the Miracle is a 1967
         presentation of the National Educational Television, produced for Intertel by the
         Australian Broadcasting Committee. NET producer: Boris Holtzman Suggested Newspaper
         listing: From university to Kibbutz, from Bedouin tent to hostile border, this Intertel
         documentary examines the 18-year-old nation of Israel especially through its young
         people.</marc:subfield>
      </marc:datafield>
      <marc:datafield tag="337" ind1=" " ind2=" ">
         <marc:subfield code="a">Moving Image</marc:subfield>
         <marc:subfield code="2">MAVIS media type controlled vocabulary</marc:subfield>
      </marc:datafield>
      <marc:datafield tag="024" ind1="8" ind2=" ">
         <marc:subfield code="a">2329697</marc:subfield>
         <marc:subfield code="2">MAVIS Title Number</marc:subfield>
      </marc:datafield>
      <marc:datafield tag="024" ind1="8" ind2=" ">
         <marc:subfield code="a">AFMI</marc:subfield>
         <marc:subfield code="2">NET/PBS NOLA</marc:subfield>
      </marc:datafield>
      <marc:datafield tag="024" ind1="8" ind2=" ">
         <marc:subfield code="a">41</marc:subfield>
         <marc:subfield code="2">NET/PBS number</marc:subfield>
      </marc:datafield>
      <marc:datafield tag="546" ind1=" " ind2=" ">
         <marc:subfield code="a">English</marc:subfield>
      </marc:datafield>
      <marc:datafield tag="653" ind1=" " ind2=" ">
         <marc:subfield code="a">Israel--History--1948-1967</marc:subfield>
         <marc:subfield code="0">http://id.loc.gov/authorities/subjects/sh85068698</marc:subfield>
      </marc:datafield>
      <marc:datafield tag="653" ind1=" " ind2=" ">
         <marc:subfield code="a">Israel</marc:subfield>
         <marc:subfield code="0">http://id.loc.gov/authorities/names/n79003285</marc:subfield>
      </marc:datafield>
      <marc:datafield tag="245" ind1="0" ind2="0">
         <marc:subfield code="a">After the miracle.</marc:subfield>
         <marc:subfield code="b">Australian Broadcasting Commission for
         Intertel ; producer, Boris Holtzman.</marc:subfield>
      </marc:datafield>
      <marc:datafield tag="246" ind1="3" ind2="3">
         <marc:subfield code="a">Intertel. After the
         miracle.</marc:subfield>
      </marc:datafield>
      <marc:datafield tag="246" ind1="3" ind2="3">
         <marc:subfield code="a">NET Journal. After the
         miracle.</marc:subfield>
      </marc:datafield>
      <marc:datafield tag="246" ind1="3" ind2="3">
         <marc:subfield code="a">After the miracle. NET
         Journal/Intertel.</marc:subfield>
      </marc:datafield>
      <marc:datafield tag="655" ind1=" " ind2="0">
         <marc:subfield code="a">Documentary television programs
         (lcgft)</marc:subfield>
         <marc:subfield code="0">http://id.loc.gov/authorities/genreForms/gf2011026207</marc:subfield>
      </marc:datafield>
      <marc:datafield tag="655" ind1=" " ind2="0">
         <marc:subfield code="a">Educational television programs
         (lcgft)</marc:subfield>
         <marc:subfield code="0">http://id.loc.gov/authorities/genreForms/gf2011026221\n</marc:subfield>
      </marc:datafield>
      <marc:datafield tag="655" ind1=" " ind2="0">
         <marc:subfield code="a">Nonfiction television programs
         (lcgft)</marc:subfield>
         <marc:subfield code="0">http://id.loc.gov/authorities/genreForms/gf2011026425</marc:subfield>
      </marc:datafield>
   </marc:record>