
   <marc:record>
      <marc:leader>      am         3u     </marc:leader>
      <marc:datafield tag="042" ind1=" " ind2=" ">
         <marc:subfield code="a">dc</marc:subfield>
      </marc:datafield>
      <marc:datafield tag="720" ind1=" " ind2=" ">
         <marc:subfield code="a">Brooks,
         Ray</marc:subfield>
         <marc:subfield code="e">Cast/Actor</marc:subfield>
         <marc:subfield code="0">http://id.loc.gov/authorities/names/n2015009960</marc:subfield>
      </marc:datafield>
      <marc:datafield tag="720" ind1=" " ind2=" ">
         <marc:subfield code="a">White,
         Carol, 1941-1991</marc:subfield>
         <marc:subfield code="e">Cast/Actor</marc:subfield>
         <marc:subfield code="0">http://id.loc.gov/authorities/names/n88618210</marc:subfield>
      </marc:datafield>
      <marc:datafield tag="720" ind1=" " ind2=" ">
         <marc:subfield code="a">National Educational Television and Radio Center</marc:subfield>
         <marc:subfield code="e">Broadcaster</marc:subfield>
         <marc:subfield code="0">http://id.loc.gov/authorities/names/n80050382</marc:subfield>
      </marc:datafield>
      <marc:datafield tag="720" ind1=" " ind2=" ">
         <marc:subfield code="a">British Broadcasting Corporation</marc:subfield>
         <marc:subfield code="e">Broadcaster</marc:subfield>
         <marc:subfield code="0">http://id.loc.gov/authorities/names/n79074359</marc:subfield>
      </marc:datafield>
      <marc:datafield tag="720" ind1=" " ind2=" ">
         <marc:subfield code="a">Loach,
         Ken</marc:subfield>
         <marc:subfield code="e">Director</marc:subfield>
         <marc:subfield code="0">http://id.loc.gov/authorities/names/n92067014</marc:subfield>
      </marc:datafield>
      <marc:datafield tag="720" ind1=" " ind2=" ">
         <marc:subfield code="a">Garnett,
         Tony</marc:subfield>
         <marc:subfield code="e">Producer</marc:subfield>
         <marc:subfield code="0">http://id.loc.gov/authorities/names/nr99033231</marc:subfield>
      </marc:datafield>
      <marc:datafield tag="720" ind1=" " ind2=" ">
         <marc:subfield code="a">British Broadcasting Corporation</marc:subfield>
         <marc:subfield code="e">Production Company</marc:subfield>
         <marc:subfield code="0">http://id.loc.gov/authorities/names/n79074359</marc:subfield>
      </marc:datafield>
      <marc:datafield tag="720" ind1=" " ind2=" ">
         <marc:subfield code="a">Venza, Jac</marc:subfield>
         <marc:subfield code="e">Executive Producer</marc:subfield>
         <marc:subfield code="0">http://id.loc.gov/authorities/names/no93017967</marc:subfield>
      </marc:datafield>
      <marc:datafield tag="720" ind1=" " ind2=" ">
         <marc:subfield code="a">Sandford,
         Jeremy</marc:subfield>
         <marc:subfield code="e">Teleplay</marc:subfield>
         <marc:subfield code="0">http://id.loc.gov/authorities/names/n50016619</marc:subfield>
      </marc:datafield>
      <marc:datafield tag="720" ind1=" " ind2=" ">
         <marc:subfield code="a">Chessid, Kay</marc:subfield>
         <marc:subfield code="e">Producer</marc:subfield>
      </marc:datafield>
      <marc:datafield tag="260" ind1=" " ind2=" ">
         <marc:subfield code="c">1969-3-27</marc:subfield>
      </marc:datafield>
      <marc:datafield tag="260" ind1=" " ind2=" ">
         <marc:subfield code="c">1970-9-30</marc:subfield>
      </marc:datafield>
      <marc:datafield tag="260" ind1=" " ind2=" ">
         <marc:subfield code="c">1966-11-16</marc:subfield>
      </marc:datafield>
      <marc:datafield tag="520" ind1=" " ind2=" ">
         <marc:subfield code="a">Story of a young couple, Cathy (played by Carol White) and Reg (played by Ray
         Brooks). Initially their relationship flourishes and they have a child and move into a
         modern home. When Reg is injured and loses his job, they are evicted by bailiffs, and they
         face a life of poverty and unemployment, illegally squatting in empty houses and staying in
         shelters. Cathy has her children taken away by social services. Filmed in semi-documentary
         style. Originally broadcast in 1966 as part of BBC's "The Wednesday Play" anthology strand.
         Broadcast in 1969 in the United States as part of the NET Playhouse anthology series. From
         NET microfiche: Description: This BBC production, written by Jeremy Sandford, made a strong
         impact in Britain when it was first aired there in 1966. The program dramatizes the effects
         of drastically inadequate housing conditions in overcrowded British urban centers. Cathy
         and Reg Ward are a young married couple who seemingly have everything going for them. With
         both of them earning good salaries, they find a nice place to live and start a family. Then
         Reg meets with an accident and by that time Cathy cannot work because of her three
         children. Soon they have to leave their apartment and move in with Reg's mother. But this
         doesn't work out, and they wind up moving from slum to slum until finally all that remains
         for them is the Home for the Homeless. Life in the institution totally destroys their
         marriage. Reg leaves his wife and, because she cannot house them, the children are taken
         from her. She is left entirely alone. "Cathy Come Home" won the 1968 Prix Italia.
         Background on the author Jeremy Sandford wrote this play to shock and disturb. He had long
         been interested in the problem of Britain's homeless families. When neighbors of his
         disappeared and he found that they had to go into a Home of the Homeless, he started to
         write articles, becoming obsessed with the injustice of the situation. He wrote "Cathy Come
         Home" in 1963 and as he says, "for three years could find no organization prepared to put
         it on." Then the BBC brought it and from its first showing, it has produced widespread
         shock and anger that such conditions could prevail. One positive result of the telecast has
         been the formation of a national campaign in Britain called "Shelter," to foster
         responsible concern for the victims of Britain's housing situation. The cast: Cathy Carol
         White Reg Ray Brooks NET Playhouse - "Cathy Come Home" is a National Educational Television
         presentation, produced for the British Broadcasting Corporation by Tony Garnett. Writer:
         Jeremy Sandford Director: Kenneth Loach Producer for NET: Kay Chessid NET Executive
         Producer: Jac Venza</marc:subfield>
      </marc:datafield>
      <marc:datafield tag="337" ind1=" " ind2=" ">
         <marc:subfield code="a">Moving Image</marc:subfield>
         <marc:subfield code="2">MAVIS media type controlled vocabulary</marc:subfield>
      </marc:datafield>
      <marc:datafield tag="024" ind1="8" ind2=" ">
         <marc:subfield code="a">1162460</marc:subfield>
         <marc:subfield code="2">MAVIS Title Number</marc:subfield>
      </marc:datafield>
      <marc:datafield tag="024" ind1="8" ind2=" ">
         <marc:subfield code="a">130 (NET microfiche)</marc:subfield>
         <marc:subfield code="2">NET/PBS number</marc:subfield>
      </marc:datafield>
      <marc:datafield tag="024" ind1="8" ind2=" ">
         <marc:subfield code="a">187 (NET microfiche)</marc:subfield>
         <marc:subfield code="2">NET/PBS number</marc:subfield>
      </marc:datafield>
      <marc:datafield tag="024" ind1="8" ind2=" ">
         <marc:subfield code="a">259 (NET microfiche)</marc:subfield>
         <marc:subfield code="2">NET/PBS number</marc:subfield>
      </marc:datafield>
      <marc:datafield tag="024" ind1="8" ind2=" ">
         <marc:subfield code="a">NPCH</marc:subfield>
         <marc:subfield code="2">NET/PBS NOLA</marc:subfield>
      </marc:datafield>
      <marc:datafield tag="024" ind1="8" ind2=" ">
         <marc:subfield code="a">0 (PBS-1994.xls Excel spreadsheet)</marc:subfield>
         <marc:subfield code="2">NET/PBS number</marc:subfield>
      </marc:datafield>
      <marc:datafield tag="546" ind1=" " ind2=" ">
         <marc:subfield code="a">English</marc:subfield>
      </marc:datafield>
      <marc:datafield tag="653" ind1=" " ind2=" ">
         <marc:subfield code="a">Homeless families</marc:subfield>
         <marc:subfield code="0">http://id.loc.gov/authorities/subjects/sh98008156</marc:subfield>
      </marc:datafield>
      <marc:datafield tag="653" ind1=" " ind2=" ">
         <marc:subfield code="a">Homelessness</marc:subfield>
         <marc:subfield code="0">http://id.loc.gov/authorities/subjects/sh85061720</marc:subfield>
      </marc:datafield>
      <marc:datafield tag="653" ind1=" " ind2=" ">
         <marc:subfield code="a">Homeless persons</marc:subfield>
         <marc:subfield code="0">http://id.loc.gov/authorities/subjects/sh85061718</marc:subfield>
      </marc:datafield>
      <marc:datafield tag="245" ind1="0" ind2="0">
         <marc:subfield code="a">Cathy come home.</marc:subfield>
         <marc:subfield code="b">Produced by Tony Garnett ; directed by Ken
         Loach ; television play written by Jeremy Sandford.</marc:subfield>
      </marc:datafield>
      <marc:datafield tag="246" ind1="3" ind2="3">
         <marc:subfield code="a">NET playhouse.
         [No. 259], Cathy come home.</marc:subfield>
      </marc:datafield>
      <marc:datafield tag="246" ind1="3" ind2="3">
         <marc:subfield code="a">NET playhouse.
         [No. 187], Cathy come home.</marc:subfield>
      </marc:datafield>
      <marc:datafield tag="246" ind1="3" ind2="3">
         <marc:subfield code="a">NET playhouse.
         [No. 130], Cathy come home.</marc:subfield>
      </marc:datafield>
      <marc:datafield tag="246" ind1="3" ind2="3">
         <marc:subfield code="a">Two off the cuff.</marc:subfield>
      </marc:datafield>
      <marc:datafield tag="246" ind1="3" ind2="3">
         <marc:subfield code="a">The Wednesday play. Cathy come home. [Great Britain
         release title].</marc:subfield>
      </marc:datafield>
      <marc:datafield tag="246" ind1="3" ind2="3">
         <marc:subfield code="a">NET playhouse. Cathy come home. [U.S. release
         title].</marc:subfield>
      </marc:datafield>
      <marc:datafield tag="655" ind1=" " ind2="0">
         <marc:subfield code="a">Documentary-style television programs
         (lcgft)</marc:subfield>
         <marc:subfield code="0">http://id.loc.gov/authorities/genreForms/gf2011026209</marc:subfield>
      </marc:datafield>
      <marc:datafield tag="655" ind1=" " ind2="0">
         <marc:subfield code="a">Fiction television programs
         (lcgft)</marc:subfield>
         <marc:subfield code="0">http://id.loc.gov/authorities/genreForms/gf2011026252\n</marc:subfield>
      </marc:datafield>
      <marc:datafield tag="655" ind1=" " ind2="0">
         <marc:subfield code="a">Social problem television programs
         (lcgft)</marc:subfield>
         <marc:subfield code="0">http://id.loc.gov/authorities/genreForms/gf2011026590</marc:subfield>
      </marc:datafield>
   </marc:record>