
   <marc:record>
      <marc:leader>      am         3u     </marc:leader>
      <marc:datafield tag="042" ind1=" " ind2=" ">
         <marc:subfield code="a">dc</marc:subfield>
      </marc:datafield>
      <marc:datafield tag="720" ind1=" " ind2=" ">
         <marc:subfield code="a">Broderick, James</marc:subfield>
         <marc:subfield code="e">Cast/Actor</marc:subfield>
         <marc:subfield code="0">http://id.loc.gov/authorities/names/n85199292</marc:subfield>
      </marc:datafield>
      <marc:datafield tag="720" ind1=" " ind2=" ">
         <marc:subfield code="a">Kiley,
         Richard</marc:subfield>
         <marc:subfield code="e">Cast/Actor</marc:subfield>
         <marc:subfield code="0">http://id.loc.gov/authorities/names/n84002597</marc:subfield>
      </marc:datafield>
      <marc:datafield tag="720" ind1=" " ind2=" ">
         <marc:subfield code="a">Loxton, David R.</marc:subfield>
         <marc:subfield code="e">Associate Producer</marc:subfield>
         <marc:subfield code="0">http://id.loc.gov/authorities/names/no93020618</marc:subfield>
      </marc:datafield>
      <marc:datafield tag="720" ind1=" " ind2=" ">
         <marc:subfield code="a">National Educational Television and Radio Center</marc:subfield>
         <marc:subfield code="e">Production Company</marc:subfield>
         <marc:subfield code="0">http://id.loc.gov/authorities/names/n80050382</marc:subfield>
      </marc:datafield>
      <marc:datafield tag="720" ind1=" " ind2=" ">
         <marc:subfield code="a">Venza, Jac</marc:subfield>
         <marc:subfield code="e">Executive Producer</marc:subfield>
         <marc:subfield code="0">http://id.loc.gov/authorities/names/no93017967</marc:subfield>
      </marc:datafield>
      <marc:datafield tag="720" ind1=" " ind2=" ">
         <marc:subfield code="a"/>
         <marc:subfield code="e">Author/Based on</marc:subfield>
      </marc:datafield>
      <marc:datafield tag="720" ind1=" " ind2=" ">
         <marc:subfield code="a">Markell,
         Bob</marc:subfield>
         <marc:subfield code="e">Producer</marc:subfield>
         <marc:subfield code="0">http://id.loc.gov/authorities/names/nr2003006268</marc:subfield>
      </marc:datafield>
      <marc:datafield tag="720" ind1=" " ind2=" ">
         <marc:subfield code="a">Seidelman,
         Arthur Allan</marc:subfield>
         <marc:subfield code="e">Director</marc:subfield>
         <marc:subfield code="0">http://id.loc.gov/authorities/names/n88145156</marc:subfield>
      </marc:datafield>
      <marc:datafield tag="260" ind1=" " ind2=" ">
         <marc:subfield code="c">1970-10-29</marc:subfield>
      </marc:datafield>
      <marc:datafield tag="260" ind1=" " ind2=" ">
         <marc:subfield code="c">1970-6-7</marc:subfield>
      </marc:datafield>
      <marc:datafield tag="520" ind1=" " ind2=" ">
         <marc:subfield code="a">From NET microfiche: Description: Brief background: in the late 10th and early
         11th centuries, shortly before William the conqueror's momentous invasion from Normandy in
         1066, England was led by King Ethelred II, who, like many kings before him, was plagued by
         forays onto English soil by the Norwegians and the Danes. Not known for military powers,
         Ethelred has come down through history dubbed "Ethelred the Unready." In 994 he succeeded
         in buying off Norwegian invaders, and in 1012 he did the same with the Danes, thereby
         averting further armed conflicts at the time. Ethelred's reign was from 978 to 1016. "The
         Ceremony of Innocence" is a fictional drama set loosely against the historical background
         of Ethelred's attempt to gain peace with Danish King Sweyn by paying the enemy tribute
         money. The play can properly be termed "anti-war," but more specifically its focuses on the
         human factors that seem to make wars inevitable. The characters: King Ethelred - a
         compassionate man who finds the prospects of further war with the Norsemen totally
         senseless, but who lacks the strength to assert his will even over his own family; the Earl
         of Sussex - a rugged warrior-type who is galled at the thought of paying tribute to an
         enemy, the "hawk" in today's parlance; the Earl of Kent - essentially an understanding man
         who sympathizes with Ethelred, yet eventually finds war to be the only alternative; Queen
         Emma - blind with hatred for the Danes and scornful of her husband's way of thinking,
         filled with memories of her youth in Normandy when her father burned and butchered the
         Danes he found on his land; Queen Mother Alfreda - scheming and ruthless, a fitting ally
         for Emma; Prince Edmund - a skilled warrior and very much the product of his mother's
         attitudes, worlds apart from his father; Thulja - King Sweyn's daughter, offered to the
         English court for three years to insure that the Danes do not attack after the money is
         paid, she instantly becomes the object of incalculable hatred among the English royal
         family. Synopsis: For the most part the story is told in retrospect. It opens with the
         Earls of Sussex and Keny, Accompanied by Bishop Aelfhunen route to a monastery where
         Ethelred has gone into seclusion. Meanwhile, Ethelred painfully recalls how the peace he
         hoped he had bought was destroyed. Thulja's arrival in the English court was an immediate
         source of trouble. Although in effect a hostage, the 15-year-old-princess was given as much
         freedom as possible and lived as comfortably as anyone else. She was a symbol of Ethelred's
         appeasement and for that, as well as for her own Danish blood; she was hated, except by
         Kent and, of course, Ethelred. Edmund immediately became one of her severest antagonists,
         displaying his hatred irrationally. One day Edmund returned to the court after having
         killed four Danish farmers in an argument over who was to cross a narrow bridge first. (The
         fight took place on land preserved by treaty for the Danes.) Ethelred, in an effort to
         preserve the peace, told the Danish ambassador, Thorkill, that Edmund thought he was under
         attack and did not know he was on land set aside for the Danes. The king also offered
         monetary compensation for the widows of the farmers. Thorkill then appeared satisfied
         regarding Ethelred's intentions, but asked permission to question Edmund. The prince,
         however, offered scornful answers to all of Thorkill's queries and an argument developed.
         As Thorkill turned to leave, Edmund, in a sarcastic gesture, tossed his coin-laden purse at
         him, narrowly missing his head. Thinking for a moment that he was being attacked, Thorkill
         drew his knife. Edmund charged the Dane and was fatally stabbed. On the day of Edmund's
         funeral Ethelred and Kent realized it was too dangerous for Thulja to remain in the English
         court and decided to have her stay with Kent's family. As the funeral procession returned,
         Ethelred bid goodbye to Thulja. Emma and Alfreda demanded to know where she was being sent.
         Not receiving an answer and thinking the girl was being give her freedom, Emma became
         incensed. She accused her husband of having relations with the girl and in turn he struck
         her. She then attacked him with her hands and while they struggled Alfreda stabbed Thulja
         in the back, killing her. As the flashbacks end, Sussex, Kent, and the bishop are at the
         monastery awaiting Ethelred's decision on whether or not he will lead them into battle. But
         Ethelred condemns their willingness to shed more blood and bemoans his ruined dreams of
         peace. Sussex angrily storms out of the chamber with the cry "Victory to us, death to
         them!" The bishop follows. Kent, with ambivalent feelings, lingers for a moment and then
         joins the others. Ethelred is left alone, starting at the empty chamber. The Cast: King
         Ethelred - Richard Kiley Earl of Sussex -James Broderick Earl of Kent -Larry Gates Queen
         Emma -Elizabeth Hubbard Queen Mother Alfreda -Jessie Royce Landis Prince Edmund -John Horn
         Princess Thulja -Gilmer McCormick Bishop Aelfhun -Bob Gerringer Abbot -William Hickey King
         Sweyn -Ernest Graves Thorkill -Howard Green Edward -Bo White The Author: Ronald Ribman has
         written three off-Broadway plays - "Harry, Noon and night," "Journey of the Fifth Horse,"
         and "The Ceremony of Innocence" - all of which were staged at the American Place Theatre.
         "Journey of the Fifth Horse" won the Obie award as best off-Broadway play for the 1965-66
         season, and was later adapted for TV on NET playhouse. "The Ceremony of Innocence" was
         produced off-Broadway in 1967. Ribman has also written a play especially for television,
         "The Final War of Olly Winter," which was seen over CBS. The Producer: Bob Markell, who has
         won four Emmy awards, is producer of this play. He won three of those awards in connection
         with the series "The Defenders," twice as producer (1962 and 1963) and once as associate
         producer (1961). In 1954 he won an Emmy for set designing in the historical series "You are
         there." He is also the producer of "N.Y.P.D." PLEASE NOTE: We wish to bring to your
         attention that this play, is a few scattered passages, contains language that may be
         considered questionable for some age groups. We refer specifically to the word "bastard,"
         plus the following sentences: "Do you Danes love as we English love, or do you merely
         copulate as animals do? "Now we have come upon a rat's den where walls slime and men find
         gillyflowers to piss upon." "(This) place is colder than an Irish tit." Net Playhouse #191
         - "The Ceremony of Innocence" is a National Educational Television production. Producer:
         Bob Markell: Associate producer: David Loxton. Director: Arthur Seidelman. Executive
         producer: Jac Venza.</marc:subfield>
      </marc:datafield>
      <marc:datafield tag="337" ind1=" " ind2=" ">
         <marc:subfield code="a">Moving Image</marc:subfield>
         <marc:subfield code="2">MAVIS media type controlled vocabulary</marc:subfield>
      </marc:datafield>
      <marc:datafield tag="024" ind1="8" ind2=" ">
         <marc:subfield code="a">2048799</marc:subfield>
         <marc:subfield code="2">MAVIS Title Number</marc:subfield>
      </marc:datafield>
      <marc:datafield tag="024" ind1="8" ind2=" ">
         <marc:subfield code="a">CERI</marc:subfield>
         <marc:subfield code="2">NET/PBS NOLA</marc:subfield>
      </marc:datafield>
      <marc:datafield tag="024" ind1="8" ind2=" ">
         <marc:subfield code="a">0 (PBS-1994.xls spreadsheet)</marc:subfield>
         <marc:subfield code="2">NET/PBS number</marc:subfield>
      </marc:datafield>
      <marc:datafield tag="024" ind1="8" ind2=" ">
         <marc:subfield code="a">191 (NET microfiche)</marc:subfield>
         <marc:subfield code="2">NET/PBS number</marc:subfield>
      </marc:datafield>
      <marc:datafield tag="024" ind1="8" ind2=" ">
         <marc:subfield code="a">211 (NET microfiche)</marc:subfield>
         <marc:subfield code="2">NET/PBS number</marc:subfield>
      </marc:datafield>
      <marc:datafield tag="546" ind1=" " ind2=" ">
         <marc:subfield code="a">English</marc:subfield>
      </marc:datafield>
      <marc:datafield tag="653" ind1=" " ind2=" ">
         <marc:subfield code="a">Ethelred II, King of
         England</marc:subfield>
         <marc:subfield code="0">http://id.loc.gov/authorities/names/n79035339</marc:subfield>
      </marc:datafield>
      <marc:datafield tag="245" ind1="0" ind2="0">
         <marc:subfield code="a">The ceremony of innocence.</marc:subfield>
         <marc:subfield code="b">National Educational Television ; executive
         producer, Jac Venza ; producer, Bob Markell ; associate producer, David Loxton ; director,
         Arthur Seidelman.</marc:subfield>
      </marc:datafield>
      <marc:datafield tag="246" ind1="3" ind2="3">
         <marc:subfield code="a">NET playhouse.
         [No. 211], The ceremony of innocence.</marc:subfield>
      </marc:datafield>
      <marc:datafield tag="246" ind1="3" ind2="3">
         <marc:subfield code="a">NET playhouse.
         [No. 191], The ceremony of innocence.</marc:subfield>
      </marc:datafield>
      <marc:datafield tag="246" ind1="3" ind2="3">
         <marc:subfield code="a">Ceremony of innocence.</marc:subfield>
      </marc:datafield>
      <marc:datafield tag="246" ind1="3" ind2="3">
         <marc:subfield code="a">NET playhouse. The ceremony of
         innocence.</marc:subfield>
      </marc:datafield>
      <marc:datafield tag="655" ind1=" " ind2="0">
         <marc:subfield code="a">Fiction television programs
         (lcgft)</marc:subfield>
         <marc:subfield code="0">http://id.loc.gov/authorities/genreForms/gf2011026252\n</marc:subfield>
      </marc:datafield>
      <marc:datafield tag="655" ind1=" " ind2="0">
         <marc:subfield code="a">Historical television programs
         (lcgft)</marc:subfield>
         <marc:subfield code="0">http://id.loc.gov/authorities/genreForms/gf2011026315</marc:subfield>
      </marc:datafield>
   </marc:record>