
   <marc:record>
      <marc:leader>      am         3u     </marc:leader>
      <marc:datafield tag="042" ind1=" " ind2=" ">
         <marc:subfield code="a">dc</marc:subfield>
      </marc:datafield>
      <marc:datafield tag="720" ind1=" " ind2=" ">
         <marc:subfield code="a">National Educational Television and Radio Center</marc:subfield>
         <marc:subfield code="e">Broadcaster</marc:subfield>
         <marc:subfield code="0">http://id.loc.gov/authorities/names/n80050382</marc:subfield>
      </marc:datafield>
      <marc:datafield tag="720" ind1=" " ind2=" ">
         <marc:subfield code="a">National
         Educational Television and Radio Center</marc:subfield>
         <marc:subfield code="e">Presenter</marc:subfield>
         <marc:subfield code="0">http://id.loc.gov/authorities/names/n80050382</marc:subfield>
      </marc:datafield>
      <marc:datafield tag="720" ind1=" " ind2=" ">
         <marc:subfield code="a">WETA-TV</marc:subfield>
         <marc:subfield code="e">Undetermined</marc:subfield>
         <marc:subfield code="0">http://id.loc.gov/authorities/names/n50052712</marc:subfield>
      </marc:datafield>
      <marc:datafield tag="720" ind1=" " ind2=" ">
         <marc:subfield code="a">Warren, Earl</marc:subfield>
         <marc:subfield code="e">Interviewee</marc:subfield>
         <marc:subfield code="0">http://id.loc.gov/authorities/names/nb99190371</marc:subfield>
      </marc:datafield>
      <marc:datafield tag="720" ind1=" " ind2=" ">
         <marc:subfield code="a">Landsberg, Morrie</marc:subfield>
         <marc:subfield code="e">Interviewer</marc:subfield>
      </marc:datafield>
      <marc:datafield tag="720" ind1=" " ind2=" ">
         <marc:subfield code="a">Karayn, Jim</marc:subfield>
         <marc:subfield code="e">Executive Producer</marc:subfield>
         <marc:subfield code="0">http://id.loc.gov/authorities/names/no99034842</marc:subfield>
      </marc:datafield>
      <marc:datafield tag="720" ind1=" " ind2=" ">
         <marc:subfield code="a">McClatchy Broadcasting Company</marc:subfield>
         <marc:subfield code="e">Production Company</marc:subfield>
      </marc:datafield>
      <marc:datafield tag="720" ind1=" " ind2=" ">
         <marc:subfield code="a">Landsberg, Morrie</marc:subfield>
         <marc:subfield code="e">Producer</marc:subfield>
      </marc:datafield>
      <marc:datafield tag="260" ind1=" " ind2=" ">
         <marc:subfield code="c">1969-9-8</marc:subfield>
      </marc:datafield>
      <marc:datafield tag="260" ind1=" " ind2=" ">
         <marc:subfield code="c">1969-8-22</marc:subfield>
      </marc:datafield>
      <marc:datafield tag="520" ind1=" " ind2=" ">
         <marc:subfield code="a">Reporter Morrie Landsberg interviews retiring Chief Justice Earl Warren.
         Filmed at the Supreme Court in Washington, D.C. From NET microfiche: NET Journal - "A
         Conversation with Earl Warren": An exclusive hour-long interview with the Chief Justice of
         the United States, conducted just before his retirement in June. Interviewer: Morrie
         Landsberg This hour-long program comprises the only exclusive interview given by Earl
         Warren during his 16 years as Chief Justice. It was conducted by Morrie Landsberg, editor
         of McClatchy Broadcasting Company, Sacramento, in connection with Warren's retirement, and
         was a parting expression to his long-time constituents in California; the interview was
         seen in that state at the time of his retirement in June and is now being made available to
         a national audience for the first time. The program reviews the Warren Court's historic
         decisions on school desegregation, reapportionment, and the rights of suspects. It
         questions whether the police are now unduly hampered in their enforcement of the law;
         whether there is now equal justice for all men; whether the Court's decisions have
         undermined the principle of states' rights; and whether our government is now on trial. It
         probes Warren's attitudes toward pornography, his response to various criticisms of the
         Court, and his reaction to the black separation movement. NET Journal - "A Conversation
         with Earl Warren" is an NET presentation, produced by McClatchy Broadcasting Co,
         Producer-interviewer: Morrie Landsberg, NET executive producer: Jim Karayn. Excerpts: The
         following are key excerpts from the Warren interview, conducted last June by Morrie
         Landsberg, editor of McClatchy Broadcasting, a group of California radio and TV stations.
         The interview took place in Washington, D.C., and was aired over the McClatchy stations on
         June 24. Q. "Mr. Chief Justice, do you believe the Bill of Rights would be ratified if it
         came to a vote today?" A. "I think probably that there would be a great debate over some of
         them because we have never taught our youngsters  where the Bill of Rights came from, why
         it is there, and what its purpose is in society. There are a lot of thoughtless people who
         feel that we don't need any more Fifth Amendment, we don't need any more jury trials under
         the Sixth Amendment, and we don't need protection as to free speech and freedom of the
         press and freedom of religion, but I do believe that on sober second thought after a great
         debate, the American people are wise enough to retain those rights which have made this
         country the greatest in the world. Q. "What would you list, Mr. Chief Justice, as the
         Supreme Court's most important decision in your 16 years here? Was it the school
         desegregation or reapportionment?" A. "I think the reapportionment, not only of state
         legislatures, but of representative government in this country is perhaps the most
         important issue we have had before the Supreme Court. If everyone in this country has an
         opportunity to participate in his government on equal terms with everyone else, and can
         share in electing representatives who will be truly representative of the entire community
         and not some Special interest, then most of these problems that we are now confronted with
         would be solved through the political process rather than through the courts." Q. "Would
         this apply mostly to the South?" A. "I remember the first case we had, the Baker vs. Carr
         case, came from one of our northern states and that the legislature in that state had been
         the same for over 60 years in spite of all the territorial changes. The group that was in
         power kept the legislature apportioned just exactly as it was over 60 years before,
         although the state constitution said that the representation should be equal" Q. "Would
         you say, Mr. Chief Justice, that American justice has been completely desegregated?" A. "Oh
         no, by no means. There aren't 20 percent of the school children in the South that are in
         desegregated schools. Thesame situation exists in some of our northern cities. The black
         people do not have work opportunities that white people have. They're still having problems
         in voting in some parts of the country. .. when the American people as a whole recognize
         that we have  been wrong in depriving certain minorities of their Constitutional rights
         and when we make the decision to see that they will in the future have these rights, then I
         think we're on the way to solving most of our domestic problems." Q. "You said a while back
         that pornography was the court's most difficult area? Why is that?" A. " for the simple
         reason that we have to balance two constitutional rights with each other. Of course, the
         state and national government have the right to have a decent society and  to make the
         laws and regulations that will keep it a decent society. On the other hand we have the
         First amendment which says Congress shall pass no laws abridging the right of speech and
         the press and religion, and so forth, and the question is how far can people ego under the
         First Amendment without offending the right of the government to maintain a decent
         society, and when you have those two thing coming together, you find it very difficult to
         write a verbal definition of what obscenity is. I know that in many communities in the past
         they have had boards of censorship and the experience that was had under them was
         atrocious." Q. "What do you say, Mr. Chief Justice, to critics who say that the Court, by
         its decisions, has dealt a death blow to state's rights?" A. "Oh, on the contrary, I think
         that the Supreme Court has established state's rights. What does reapportionment do, but
         establish state's rights? It establishes in the states the power to govern themselves and
         most of the problems that we have today in our big cities; for instance, we find that they
         are there because the states have done nothing about them. And the reason they couldn't do
         anything about them was because most of their legislatures were controlled by interests
         that were not interested in the preservation of our cities Most of this concentration of
         power that you find in the government, Federal government, comes from the fact that the
         states have not themselves done their job and they took to the Federal government,
         therefore, to do it for them. Once the Federal government does it for them of course, it
         has to build up a big bureaucracy in order to administer these programs.</marc:subfield>
      </marc:datafield>
      <marc:datafield tag="337" ind1=" " ind2=" ">
         <marc:subfield code="a">Moving Image</marc:subfield>
         <marc:subfield code="2">MAVIS media type controlled vocabulary</marc:subfield>
      </marc:datafield>
      <marc:datafield tag="024" ind1="8" ind2=" ">
         <marc:subfield code="a">1167394</marc:subfield>
         <marc:subfield code="2">MAVIS Title Number</marc:subfield>
      </marc:datafield>
      <marc:datafield tag="024" ind1="8" ind2=" ">
         <marc:subfield code="a">CVEW</marc:subfield>
         <marc:subfield code="2">NET/PBS NOLA</marc:subfield>
      </marc:datafield>
      <marc:datafield tag="024" ind1="8" ind2=" ">
         <marc:subfield code="a">0 (PBS-1994.xls spreadsheet )</marc:subfield>
         <marc:subfield code="2">NET/PBS number</marc:subfield>
      </marc:datafield>
      <marc:datafield tag="024" ind1="8" ind2=" ">
         <marc:subfield code="a">247 (from slate on film and NET
         microfiche)</marc:subfield>
         <marc:subfield code="2">NET/PBS number</marc:subfield>
      </marc:datafield>
      <marc:datafield tag="546" ind1=" " ind2=" ">
         <marc:subfield code="a">English</marc:subfield>
      </marc:datafield>
      <marc:datafield tag="787" ind1="0" ind2=" ">
         <marc:subfield code="w">2125893</marc:subfield>
         <marc:subfield code="n">MAVIS id number</marc:subfield>
      </marc:datafield>
      <marc:datafield tag="653" ind1=" " ind2=" ">
         <marc:subfield code="a">Judges--United States</marc:subfield>
         <marc:subfield code="0">http://id.loc.gov/authorities/subjects/sh88002178</marc:subfield>
      </marc:datafield>
      <marc:datafield tag="653" ind1=" " ind2=" ">
         <marc:subfield code="a">Warren, Earl, 1891-1974</marc:subfield>
         <marc:subfield code="0">http://id.loc.gov/authorities/names/n50028322</marc:subfield>
      </marc:datafield>
      <marc:datafield tag="245" ind1="0" ind2="0">
         <marc:subfield code="a">A conversation with Earl
         Warren.</marc:subfield>
         <marc:subfield code="b">McClatchy Broadcasting Co. ; NET presentation
         ; NET executive producer, Jim Karayn ; producer, Morrie Landsberg.</marc:subfield>
      </marc:datafield>
      <marc:datafield tag="246" ind1="3" ind2="3">
         <marc:subfield code="a">A conversation with Earl
         Warren.</marc:subfield>
      </marc:datafield>
      <marc:datafield tag="246" ind1="3" ind2="3">
         <marc:subfield code="a">NET journal. A conversation with Earl
         Warren.</marc:subfield>
      </marc:datafield>
      <marc:datafield tag="246" ind1="3" ind2="3">
         <marc:subfield code="a">NET journal. [No. 247], A conversation with Earl
         Warren.</marc:subfield>
      </marc:datafield>
      <marc:datafield tag="246" ind1="3" ind2="3">
         <marc:subfield code="a">Warren, Earl</marc:subfield>
      </marc:datafield>
      <marc:datafield tag="246" ind1="3" ind2="3">
         <marc:subfield code="a">Earl Warren.</marc:subfield>
      </marc:datafield>
      <marc:datafield tag="655" ind1=" " ind2="0">
         <marc:subfield code="a">Nonfiction television programs
         (lcgft)</marc:subfield>
         <marc:subfield code="0">http://id.loc.gov/authorities/genreForms/gf2011026425</marc:subfield>
      </marc:datafield>
      <marc:datafield tag="655" ind1=" " ind2="0">
         <marc:subfield code="a">Public affairs television programs
         (lcgft)</marc:subfield>
         <marc:subfield code="0">http://id.loc.gov/authorities/genreForms/gf2011026476</marc:subfield>
      </marc:datafield>
      <marc:datafield tag="655" ind1=" " ind2="0">
         <marc:subfield code="a">Television interviews
         (lcgft)</marc:subfield>
         <marc:subfield code="0">http://id.loc.gov/authorities/genreForms/gf2011026662\n</marc:subfield>
      </marc:datafield>
   </marc:record>