
   <marc:record>
      <marc:leader>      am         3u     </marc:leader>
      <marc:datafield tag="042" ind1=" " ind2=" ">
         <marc:subfield code="a">dc</marc:subfield>
      </marc:datafield>
      <marc:datafield tag="720" ind1=" " ind2=" ">
         <marc:subfield code="a">National Educational Television and Radio Center</marc:subfield>
         <marc:subfield code="e">Broadcaster</marc:subfield>
         <marc:subfield code="0">http://id.loc.gov/authorities/names/n80050382</marc:subfield>
      </marc:datafield>
      <marc:datafield tag="720" ind1=" " ind2=" ">
         <marc:subfield code="a">National
         Educational Television and Radio Center</marc:subfield>
         <marc:subfield code="e">Presenter</marc:subfield>
         <marc:subfield code="0">http://id.loc.gov/authorities/names/n80050382</marc:subfield>
      </marc:datafield>
      <marc:datafield tag="720" ind1=" " ind2=" ">
         <marc:subfield code="a">Miller, Stanley</marc:subfield>
         <marc:subfield code="e">Adapter/Dramatization</marc:subfield>
      </marc:datafield>
      <marc:datafield tag="720" ind1=" " ind2=" ">
         <marc:subfield code="a">Coke,
         Cyril</marc:subfield>
         <marc:subfield code="e">Producer</marc:subfield>
         <marc:subfield code="0">http://id.loc.gov/authorities/names/no93035312</marc:subfield>
      </marc:datafield>
      <marc:datafield tag="720" ind1=" " ind2=" ">
         <marc:subfield code="a">Coke,
         Cyril</marc:subfield>
         <marc:subfield code="e">Director</marc:subfield>
         <marc:subfield code="0">http://id.loc.gov/authorities/names/no93035312</marc:subfield>
      </marc:datafield>
      <marc:datafield tag="720" ind1=" " ind2=" ">
         <marc:subfield code="a">Rediffusion Television Ltd.</marc:subfield>
         <marc:subfield code="e">Production Company</marc:subfield>
         <marc:subfield code="0">http://id.loc.gov/authorities/names/nb2004308145</marc:subfield>
      </marc:datafield>
      <marc:datafield tag="720" ind1=" " ind2=" ">
         <marc:subfield code="a">Dostoyevsky, Fyodor</marc:subfield>
         <marc:subfield code="e">Author/Based on</marc:subfield>
         <marc:subfield code="0">http://id.loc.gov/authorities/names/n79029930</marc:subfield>
      </marc:datafield>
      <marc:datafield tag="260" ind1=" " ind2=" ">
         <marc:subfield code="c">1966-2-25</marc:subfield>
      </marc:datafield>
      <marc:datafield tag="260" ind1=" " ind2=" ">
         <marc:subfield code="c">1967-5-19</marc:subfield>
      </marc:datafield>
      <marc:datafield tag="520" ind1=" " ind2=" ">
         <marc:subfield code="a">From NET microfiche (C, N): CRIME AND PUNISHMENT, one of the greatest murder
         stories ever conceived and written, is the work of nineteenth century Russian writer Fyodor
         Dostoyevsky, a master of the psychological novel. The actual novel, CRIME AND PUNISHMENT,
         although containing both the story of a crime and its ensuing punishment is as one sided as
         its title. The crime committed is a murder by a poverty-stricken student who feels
         justified in killing a much hated avaricious old money lender and her sister, yet the crime
         plays but a small role in the novel the story is concentrated on the student's punishment
         -- his nightmarish visions of his crime and his fate, his emotional strain and the agony he
         suffers as a cat-and-mouse struggle develops between him and a relentless police
         investigator. The key set of the play is a 32-foot staircase which was designed to enable
         cameras to follow the student on his suspense-filled ascent to the apartment of the
         moneylender. The Cast: Raskolnikov -- David Collins Alyona Ivanovna -- Patricia Hayes
         Pestryakov -- Steven Berkoff Strange man -- Eric Francis Koch -- Desmond Stokes Marmeladov
         -- Esmond Knight Mme. Marmeladov -- Sylvia Coleridge Frau Lippewechsel -- Marie Burke Sonia
         -- Julie Foster Polya -- Carla Challoner Razumikhin -- Peter Bowles Nastasya -- Laurie
         Leigh Lisaveta -- Meg Simmons Market woman -- Nan Marriott-Watson Petrovitch -- Peter Hoar
         Zamyotov -- Neville Jason Porfiry -- Patrick Wymark Waggoner -- Robert Hunter Mme.
         Raskolnikov --Viola Keats Dunya -- Liane Aukin Svidrigaylov -- Douglas Wilmer Nikolay --
         Nicholas Evans Drunken Pole -- Gabor Baraker</marc:subfield>
      </marc:datafield>
      <marc:datafield tag="024" ind1="8" ind2=" ">
         <marc:subfield code="a">2453629</marc:subfield>
         <marc:subfield code="2">MAVIS Title Number</marc:subfield>
      </marc:datafield>
      <marc:datafield tag="653" ind1=" " ind2=" ">
         <marc:subfield code="a">Murder</marc:subfield>
         <marc:subfield code="0">http://id.loc.gov/authorities/subjects/sh85088613</marc:subfield>
      </marc:datafield>
      <marc:datafield tag="653" ind1=" " ind2=" ">
         <marc:subfield code="a">Punishment</marc:subfield>
         <marc:subfield code="0">http://id.loc.gov/authorities/subjects/sh85109115</marc:subfield>
      </marc:datafield>
      <marc:datafield tag="245" ind1="0" ind2="0">
         <marc:subfield code="a">Crime and punishment.</marc:subfield>
         <marc:subfield code="b">a production of Rediffusion Television, London
         ; a presentation of National Educational Television ; producer-director, Cyril Coke ;
         dramatization by Stanley Miller ; based on the novel by Fyodor Dostoyevsky ; music composed
         by Wilfred Joseph.</marc:subfield>
      </marc:datafield>
      <marc:datafield tag="246" ind1="3" ind2="3">
         <marc:subfield code="a">NET playhouse. [1967-05-19]. Crime and
         punishment.</marc:subfield>
      </marc:datafield>
      <marc:datafield tag="246" ind1="3" ind2="3">
         <marc:subfield code="a">Festival of the arts. [1966-02-25]. Crime and
         punishment.</marc:subfield>
      </marc:datafield>
      <marc:datafield tag="246" ind1="3" ind2="3">
         <marc:subfield code="a">Festival of the arts. Crime and
         punishment.</marc:subfield>
      </marc:datafield>
      <marc:datafield tag="246" ind1="3" ind2="3">
         <marc:subfield code="a">NET playhouse. [No. 33], Crime and
         punishment.</marc:subfield>
      </marc:datafield>
      <marc:datafield tag="246" ind1="3" ind2="3">
         <marc:subfield code="a">NET playhouse. Crime and punishment.</marc:subfield>
      </marc:datafield>
      <marc:datafield tag="655" ind1=" " ind2="0">
         <marc:subfield code="a">Fiction television programs
         (lcgft)</marc:subfield>
         <marc:subfield code="0">http://id.loc.gov/authorities/genreForms/gf2011026252\n</marc:subfield>
      </marc:datafield>
      <marc:datafield tag="655" ind1=" " ind2="0">
         <marc:subfield code="a">Televised plays (lcgft)</marc:subfield>
         <marc:subfield code="0">http://id.loc.gov/authorities/genreForms/gf2011026647</marc:subfield>
      </marc:datafield>
   </marc:record>