
   <marc:record>
      <marc:leader>      am         3u     </marc:leader>
      <marc:datafield tag="042" ind1=" " ind2=" ">
         <marc:subfield code="a">dc</marc:subfield>
      </marc:datafield>
      <marc:datafield tag="720" ind1=" " ind2=" ">
         <marc:subfield code="a">Bush, Dick</marc:subfield>
         <marc:subfield code="e">Cinematographer/Director of Photography</marc:subfield>
         <marc:subfield code="0">http://id.loc.gov/authorities/names/no92019971</marc:subfield>
      </marc:datafield>
      <marc:datafield tag="720" ind1=" " ind2=" ">
         <marc:subfield code="a">National Educational Television and Radio Center</marc:subfield>
         <marc:subfield code="e">Broadcaster</marc:subfield>
         <marc:subfield code="0">http://id.loc.gov/authorities/names/n80050382</marc:subfield>
      </marc:datafield>
      <marc:datafield tag="720" ind1=" " ind2=" ">
         <marc:subfield code="a">Prebble, John</marc:subfield>
         <marc:subfield code="e">Consultant</marc:subfield>
         <marc:subfield code="0">http://id.loc.gov/authorities/names/n50022877</marc:subfield>
      </marc:datafield>
      <marc:datafield tag="720" ind1=" " ind2=" ">
         <marc:subfield code="a">Watkins,
         Peter, 1935-</marc:subfield>
         <marc:subfield code="e">Producer</marc:subfield>
         <marc:subfield code="0">http://id.loc.gov/authorities/names/n86001555</marc:subfield>
      </marc:datafield>
      <marc:datafield tag="720" ind1=" " ind2=" ">
         <marc:subfield code="a">Watkins, Peter,
         1935-</marc:subfield>
         <marc:subfield code="e">Writer</marc:subfield>
         <marc:subfield code="0">http://id.loc.gov/authorities/names/n86001555</marc:subfield>
      </marc:datafield>
      <marc:datafield tag="720" ind1=" " ind2=" ">
         <marc:subfield code="a">British Broadcasting Corporation</marc:subfield>
         <marc:subfield code="e">Production Company</marc:subfield>
         <marc:subfield code="0">http://id.loc.gov/authorities/names/n79074359</marc:subfield>
      </marc:datafield>
      <marc:datafield tag="720" ind1=" " ind2=" ">
         <marc:subfield code="a">Broder, Rita</marc:subfield>
         <marc:subfield code="e">Producer</marc:subfield>
      </marc:datafield>
      <marc:datafield tag="260" ind1=" " ind2=" ">
         <marc:subfield code="c">1969-10-23</marc:subfield>
      </marc:datafield>
      <marc:datafield tag="520" ind1=" " ind2=" ">
         <marc:subfield code="a">From video: An account of one of the most mishandled and brutal battles ever
         fought in Britain. An account of its tragic aftermath. An account of the men responsible
         for it. An account of the men, women and children who suffered because of it. From NET
         microfiche, file B: NET Playhouse - "The Battle of Culloden" - Peter ("The War Game")
         Watkins' documentary reconstruction of the last battle to be fought on British soil, and
         its aftermath, treated in on-the-spot newsreel fashion as though the TV camera has been
         invented in 1746. "The Battle of Culloden" is a documentary reconstruction of the last
         battle to be fought on British Soil, and its aftermath. On April 16, 1746, on a moor not
         far from Inverness, the Government forces, numbering some 9,000 men under William Augustus,
         Duke of Cumberland, engaged in battle with the Scottish Jacobites - less than 5,000 men
         under Charles Edward Stuart, better known as Bonnie Prince Charlie - who were making one
         final attempt to restore the Royal Stuarts to the thrones of Scotland, England, and
         Ireland. In a bloody massacre, the Jacobites were defeated. Basing it on actual record and
         available fact, producer-writer Peter Watkins carefully carried out a step-by-step
         reconstruction of this battle on the original site, using the weapons of the day, and
         reenacting it with the assistance of a large number of people from the neighborhood. To
         this reconstruction - as though the television camera was invented at the time of the
         battle - he applied newsreel techniques, imparting the sense of urgency and vivid occasion
         associated with the coverage of contemporary events. The cameras are taken to the
         battlefield; unseen newsmen carry out on the spot interviews with the leaders and with
         obscure people on both sides - before the battle to show the futile reasons for fighting at
         all, and after, to underline the battle battle's brutality and its ferocious aftermath.
         Peter Watkins, writer and producer of "The Battle of Culloden," received a 1967 Academy
         Award for his documentary feature "The War Game." The Battle of Culloden is a National
         Educational Television presentation, a production of BBC-TV. Written and produced by Peter
         Watkins. Make-up: Ann Brodie. Battle coordinator: Derek Ware. Sound: John Gatland and Lou
         Hanks. Photography: Dick Bush. Film Editor: Michael Bradsell. Historical advisor: John
         Prebble. Producer for NET: Rita Broder.</marc:subfield>
      </marc:datafield>
      <marc:datafield tag="337" ind1=" " ind2=" ">
         <marc:subfield code="a">Moving Image</marc:subfield>
         <marc:subfield code="2">MAVIS media type controlled vocabulary</marc:subfield>
      </marc:datafield>
      <marc:datafield tag="024" ind1="8" ind2=" ">
         <marc:subfield code="a">2047578</marc:subfield>
         <marc:subfield code="2">MAVIS Title Number</marc:subfield>
      </marc:datafield>
      <marc:datafield tag="024" ind1="8" ind2=" ">
         <marc:subfield code="a">BCDN</marc:subfield>
         <marc:subfield code="2">NET/PBS NOLA</marc:subfield>
      </marc:datafield>
      <marc:datafield tag="024" ind1="8" ind2=" ">
         <marc:subfield code="a">0 (PBS-1994.xls spreadsheet)</marc:subfield>
         <marc:subfield code="2">NET/PBS number</marc:subfield>
      </marc:datafield>
      <marc:datafield tag="024" ind1="8" ind2=" ">
         <marc:subfield code="a">160 (NET microfiche)</marc:subfield>
         <marc:subfield code="2">NET/PBS number</marc:subfield>
      </marc:datafield>
      <marc:datafield tag="024" ind1="8" ind2=" ">
         <marc:subfield code="a">23 (NET microfiche)</marc:subfield>
         <marc:subfield code="2">NET/PBS number</marc:subfield>
      </marc:datafield>
      <marc:datafield tag="024" ind1="8" ind2=" ">
         <marc:subfield code="a">86 (NET microfiche)</marc:subfield>
         <marc:subfield code="2">NET/PBS number</marc:subfield>
      </marc:datafield>
      <marc:datafield tag="546" ind1=" " ind2=" ">
         <marc:subfield code="a">English</marc:subfield>
      </marc:datafield>
      <marc:datafield tag="653" ind1=" " ind2=" ">
         <marc:subfield code="a">Culloden, Battle of, Scotland,
         1746</marc:subfield>
         <marc:subfield code="0">http://id.loc.gov/authorities/subjects/sh85034713</marc:subfield>
      </marc:datafield>
      <marc:datafield tag="245" ind1="0" ind2="0">
         <marc:subfield code="a">Culloden.</marc:subfield>
         <marc:subfield code="b">BBC-TV ; National Educational Television
         presentation ; producer-writer, Peter Watkins ; producer for NET, Rita Broder.</marc:subfield>
      </marc:datafield>
      <marc:datafield tag="246" ind1="3" ind2="3">
         <marc:subfield code="a">NET playhouse.
         The Battle of Culloden.</marc:subfield>
      </marc:datafield>
      <marc:datafield tag="246" ind1="3" ind2="3">
         <marc:subfield code="a">NET playhouse.
         [No. 160], The Battle of Culloden.</marc:subfield>
      </marc:datafield>
      <marc:datafield tag="246" ind1="3" ind2="3">
         <marc:subfield code="a">NET playhouse.
         [No. 23], The battle of Culloden.</marc:subfield>
      </marc:datafield>
      <marc:datafield tag="246" ind1="3" ind2="3">
         <marc:subfield code="a">NET playhouse.
         [No. 86], The battle of Culloden.</marc:subfield>
      </marc:datafield>
      <marc:datafield tag="655" ind1=" " ind2="0">
         <marc:subfield code="a">Documentary television programs
         (lcgft)</marc:subfield>
         <marc:subfield code="0">http://id.loc.gov/authorities/genreForms/gf2011026207</marc:subfield>
      </marc:datafield>
      <marc:datafield tag="655" ind1=" " ind2="0">
         <marc:subfield code="a">Nonfiction television programs
         (lcgft)</marc:subfield>
         <marc:subfield code="0">http://id.loc.gov/authorities/genreForms/gf2011026425</marc:subfield>
      </marc:datafield>
   </marc:record>