
   <marc:record>
      <marc:leader>      am         3u     </marc:leader>
      <marc:datafield tag="042" ind1=" " ind2=" ">
         <marc:subfield code="a">dc</marc:subfield>
      </marc:datafield>
      <marc:datafield tag="720" ind1=" " ind2=" ">
         <marc:subfield code="a">Gregory,
         Dick</marc:subfield>
         <marc:subfield code="e">Appearing</marc:subfield>
         <marc:subfield code="0">http://id.loc.gov/authorities/names/n50030085</marc:subfield>
      </marc:datafield>
      <marc:datafield tag="720" ind1=" " ind2=" ">
         <marc:subfield code="a">Public
         Broadcasting Service</marc:subfield>
         <marc:subfield code="e">Broadcaster</marc:subfield>
         <marc:subfield code="0">http://id.loc.gov/authorities/names/n86134532</marc:subfield>
      </marc:datafield>
      <marc:datafield tag="720" ind1=" " ind2=" ">
         <marc:subfield code="a">National Educational Television and Radio Center</marc:subfield>
         <marc:subfield code="e">Production Company</marc:subfield>
         <marc:subfield code="0">http://id.loc.gov/authorities/names/n80050382</marc:subfield>
      </marc:datafield>
      <marc:datafield tag="720" ind1=" " ind2=" ">
         <marc:subfield code="a">Moses,
         Harry</marc:subfield>
         <marc:subfield code="e">Producer</marc:subfield>
         <marc:subfield code="0">http://id.loc.gov/authorities/names/n96119029</marc:subfield>
      </marc:datafield>
      <marc:datafield tag="720" ind1=" " ind2=" ">
         <marc:subfield code="a">McCarthy, Harry</marc:subfield>
         <marc:subfield code="e">Executive Producer</marc:subfield>
      </marc:datafield>
      <marc:datafield tag="260" ind1=" " ind2=" ">
         <marc:subfield code="c">1970-1-5</marc:subfield>
      </marc:datafield>
      <marc:datafield tag="520" ind1=" " ind2=" ">
         <marc:subfield code="a">From NET microfiche: The uncompromising satire of America's best-known black
         comedian comes to television when NET Journal presents "Dick Gregory is Alive and Well."
         The program is an hour-long view of Gregory, built around an ironic address on racism which
         he gave before a mixed audience last summer at the University of Alabama in Tuscaloosa.
         While preparing for that performance Gregory recalls his early days as a comedian when he
         was "just up there to pay my rent," as well as the first years of the civil-rights movement
         when he began touring college campuses to employ "the strength of emerging youth" in a
         struggle against racism. He talks about the fear he felt before an appearance in the South:
         "I'd wake the kids and kiss them; I'd say goodbye like it could be the last time." And
         landing at an Alabama airport also brought reminiscences: "I used to get buster here as
         soon as I got off the plane ... 500 state police would be waiting." Much of the address
         Gregory gave in Tuscaloosa was subsequently recorded in an album titled "Dick Gregory: The
         Light Side, The Dark Side." His attack against racism and what he calls the moral pollution
         of the country included jibes at American history texts: "We're so numb we got nerve enough
         to teach the Indians that Columbus discovered America." And TV commercials, "I'm tired of
         hearing, Marge there's a white dove in your kitchen. How about hearing, Beulah, baby,
         there's a black crow on the biscuits." And to Northern liberal students he says: "Before
         you come down here and alienate your Southern racist brothers, take a black kid home with
         you and bug your mommy and daddy." Gregory hits constantly at a white society that shuts
         black people out and yet expects them to conform to its rules. In this vein he explains why
         the past year's "riot season" was so quite: "We got tired of stealing those bad products.
         This year we went underground to study the consumer reports. So this season when the riot
         season opens again we ain't gonna' be stealing no Motorolas." On the subject of "Negro"
         versus "black" Gregory says: "Call us whatever you want, but it's safer for you to call us
         black." When other nationalities came to America they retained their identities, he says,
         but when Africans were brought here they became Negro or colored. "Don't play games with
         us, play games with yourself," he advises. "Call yourself clear folks." NET Journal --
         "Dick Gregory is Alive and Well" is an NET production. Producer: Harry Moses Executive
         Producer: Harry McCarthy</marc:subfield>
      </marc:datafield>
      <marc:datafield tag="337" ind1=" " ind2=" ">
         <marc:subfield code="a">Moving Image</marc:subfield>
         <marc:subfield code="2">MAVIS media type controlled vocabulary</marc:subfield>
      </marc:datafield>
      <marc:datafield tag="024" ind1="8" ind2=" ">
         <marc:subfield code="a">2001316</marc:subfield>
         <marc:subfield code="2">MAVIS Title Number</marc:subfield>
      </marc:datafield>
      <marc:datafield tag="024" ind1="8" ind2=" ">
         <marc:subfield code="a">2024</marc:subfield>
         <marc:subfield code="2">Original Control No.</marc:subfield>
      </marc:datafield>
      <marc:datafield tag="024" ind1="8" ind2=" ">
         <marc:subfield code="a">DGAW</marc:subfield>
         <marc:subfield code="2">NET/PBS NOLA</marc:subfield>
      </marc:datafield>
      <marc:datafield tag="024" ind1="8" ind2=" ">
         <marc:subfield code="a">0 (from PBS-1994 spreadsheet)</marc:subfield>
         <marc:subfield code="2">NET/PBS number</marc:subfield>
      </marc:datafield>
      <marc:datafield tag="024" ind1="8" ind2=" ">
         <marc:subfield code="a">260 (NET microfiche)</marc:subfield>
         <marc:subfield code="2">NET/PBS number</marc:subfield>
      </marc:datafield>
      <marc:datafield tag="546" ind1=" " ind2=" ">
         <marc:subfield code="a">English</marc:subfield>
      </marc:datafield>
      <marc:datafield tag="653" ind1=" " ind2=" ">
         <marc:subfield code="a">Civil rights workers--United
         States</marc:subfield>
         <marc:subfield code="0">http://id.loc.gov/authorities/subjects/sh85026386</marc:subfield>
      </marc:datafield>
      <marc:datafield tag="653" ind1=" " ind2=" ">
         <marc:subfield code="a">Comedians</marc:subfield>
         <marc:subfield code="0">http://id.loc.gov/authorities/subjects/sh85028844</marc:subfield>
      </marc:datafield>
      <marc:datafield tag="653" ind1=" " ind2=" ">
         <marc:subfield code="a">Gregory, Dick</marc:subfield>
         <marc:subfield code="0">http://id.loc.gov/authorities/names/n50030085</marc:subfield>
      </marc:datafield>
      <marc:datafield tag="245" ind1="0" ind2="0">
         <marc:subfield code="a">Dick Gregory is alive and well.</marc:subfield>
         <marc:subfield code="b">NET ; executive producer, Harry McCarthy ;
         producer, Harry Moses.</marc:subfield>
      </marc:datafield>
      <marc:datafield tag="246" ind1="3" ind2="3">
         <marc:subfield code="a">NET journal.
         Dick Gregory is alive and well.</marc:subfield>
      </marc:datafield>
      <marc:datafield tag="246" ind1="3" ind2="3">
         <marc:subfield code="a">NET journal. [No. 260], Dick Gregory is alive and
         well.</marc:subfield>
      </marc:datafield>
      <marc:datafield tag="655" ind1=" " ind2="0">
         <marc:subfield code="a">Biographical television programs
         (lcgft)</marc:subfield>
         <marc:subfield code="0">http://id.loc.gov/authorities/genreForms/gf2011026091</marc:subfield>
      </marc:datafield>
      <marc:datafield tag="655" ind1=" " ind2="0">
         <marc:subfield code="a">Nonfiction television programs
         (lcgft)</marc:subfield>
         <marc:subfield code="0">http://id.loc.gov/authorities/genreForms/gf2011026425</marc:subfield>
      </marc:datafield>
   </marc:record>