
   <marc:record>
      <marc:leader>      am         3u     </marc:leader>
      <marc:datafield tag="042" ind1=" " ind2=" ">
         <marc:subfield code="a">dc</marc:subfield>
      </marc:datafield>
      <marc:datafield tag="720" ind1=" " ind2=" ">
         <marc:subfield code="a">Smith, Lois</marc:subfield>
         <marc:subfield code="e">Cast/Actor</marc:subfield>
      </marc:datafield>
      <marc:datafield tag="720" ind1=" " ind2=" ">
         <marc:subfield code="a">Mixon,
         Alan</marc:subfield>
         <marc:subfield code="e">Cast/Actor</marc:subfield>
         <marc:subfield code="0">http://id.loc.gov/authorities/names/nr00035098</marc:subfield>
      </marc:datafield>
      <marc:datafield tag="720" ind1=" " ind2=" ">
         <marc:subfield code="a">Williams,
         Tennessee</marc:subfield>
         <marc:subfield code="e">Writer</marc:subfield>
         <marc:subfield code="0">http://id.loc.gov/authorities/names/n79090096</marc:subfield>
      </marc:datafield>
      <marc:datafield tag="520" ind1=" " ind2=" ">
         <marc:subfield code="a">Talk to Me Like the Rain and Let Me Listen was written in 1953 as part of a
         series of one-acts Williams wrote in particular for community theatre. Unlike the large
         scenic demands of his larger works (i.e. A Streetcar Named Desire) Talk Like The Rain...
         features a small-scale, bare-room situation. It involves an unnamed Man and Woman who are
         bound together in an endless cycle by their hopeless poverty. Major William's themes are
         explored in the Man's alcoholism and the Woman's desperation. Although not specified, the
         one-act can be worked in a more surrealist fashion. Monologues for both sexes, with the
         Woman's being substantially longer, spanning several pages. (Summary from Wikipedia Web
         site, viewed Dec. 4, 2014)</marc:subfield>
      </marc:datafield>
      <marc:datafield tag="024" ind1="8" ind2=" ">
         <marc:subfield code="a">2058914</marc:subfield>
         <marc:subfield code="2">MAVIS Title Number</marc:subfield>
      </marc:datafield>
      <marc:datafield tag="245" ind1="0" ind2="0">
         <marc:subfield code="a">Talk to me like the rain and let me
         listen.</marc:subfield>
         <marc:subfield code="b">by Tennessee Williams.</marc:subfield>
      </marc:datafield>
   </marc:record>