
   <marc:record>
      <marc:leader>      am         3u     </marc:leader>
      <marc:datafield tag="042" ind1=" " ind2=" ">
         <marc:subfield code="a">dc</marc:subfield>
      </marc:datafield>
      <marc:datafield tag="720" ind1=" " ind2=" ">
         <marc:subfield code="a">Stanley, Kim, 1925-2001</marc:subfield>
         <marc:subfield code="e">Cast/Actor</marc:subfield>
         <marc:subfield code="0">http://id.loc.gov/authorities/names/no93019712</marc:subfield>
      </marc:datafield>
      <marc:datafield tag="720" ind1=" " ind2=" ">
         <marc:subfield code="a">Redfield, William, 1927-1976</marc:subfield>
         <marc:subfield code="e">Cast/Actor</marc:subfield>
         <marc:subfield code="0">http://id.loc.gov/authorities/names/n82235850</marc:subfield>
      </marc:datafield>
      <marc:datafield tag="720" ind1=" " ind2=" ">
         <marc:subfield code="a">Williams,
         Tennessee</marc:subfield>
         <marc:subfield code="e">Writer</marc:subfield>
         <marc:subfield code="0">http://id.loc.gov/authorities/names/n79090096</marc:subfield>
      </marc:datafield>
      <marc:datafield tag="520" ind1=" " ind2=" ">
         <marc:subfield code="a">I Can't Imagine Tomorrow was a two-character play written for television,
         broadcast with Talk To Me Like The Rain And Let Me Listen under the collective title
         "Dragon Country" on WNET-TV in 1970. Kim Stanley plays a lonely but spirited spinster being
         courted by a pathologically shy teacher, played by William Redfield. "Dragon Country" is
         available as part of the Broadway Theatre Archive (see MAVIS 1812577). (Summary from
         Wikipedia Web site, viewed Dec. 4, 2014)</marc:subfield>
      </marc:datafield>
      <marc:datafield tag="024" ind1="8" ind2=" ">
         <marc:subfield code="a">2058916</marc:subfield>
         <marc:subfield code="2">MAVIS Title Number</marc:subfield>
      </marc:datafield>
      <marc:datafield tag="245" ind1="0" ind2="0">
         <marc:subfield code="a">I can't imagine tomorrow.</marc:subfield>
         <marc:subfield code="b">by Tennessee Williams.</marc:subfield>
      </marc:datafield>
   </marc:record>