
   <marc:record>
      <marc:leader>      am         3u     </marc:leader>
      <marc:datafield tag="042" ind1=" " ind2=" ">
         <marc:subfield code="a">dc</marc:subfield>
      </marc:datafield>
      <marc:datafield tag="720" ind1=" " ind2=" ">
         <marc:subfield code="a">National
         Educational Television and Radio Center</marc:subfield>
         <marc:subfield code="e">Presenter</marc:subfield>
         <marc:subfield code="0">http://id.loc.gov/authorities/names/n80050382</marc:subfield>
      </marc:datafield>
      <marc:datafield tag="720" ind1=" " ind2=" ">
         <marc:subfield code="a">WNET
         (Television station : New York, N.Y.)</marc:subfield>
         <marc:subfield code="e">Broadcaster</marc:subfield>
         <marc:subfield code="0">http://id.loc.gov/authorities/names/n80014556</marc:subfield>
      </marc:datafield>
      <marc:datafield tag="720" ind1=" " ind2=" ">
         <marc:subfield code="a">Jordan,
         Glenn</marc:subfield>
         <marc:subfield code="e">Director</marc:subfield>
         <marc:subfield code="0">http://id.loc.gov/authorities/names/n85378448</marc:subfield>
      </marc:datafield>
      <marc:datafield tag="720" ind1=" " ind2=" ">
         <marc:subfield code="a">Jordan,
         Glenn</marc:subfield>
         <marc:subfield code="e">Producer</marc:subfield>
         <marc:subfield code="0">http://id.loc.gov/authorities/names/n85378448</marc:subfield>
      </marc:datafield>
      <marc:datafield tag="720" ind1=" " ind2=" ">
         <marc:subfield code="a">WNET (Television station : New York, N.Y.)</marc:subfield>
         <marc:subfield code="e">Production Company</marc:subfield>
         <marc:subfield code="0">http://id.loc.gov/authorities/names/n80014556</marc:subfield>
      </marc:datafield>
      <marc:datafield tag="720" ind1=" " ind2=" ">
         <marc:subfield code="a">Williams,
         Tennessee</marc:subfield>
         <marc:subfield code="e">Writer</marc:subfield>
         <marc:subfield code="0">http://id.loc.gov/authorities/names/n79090096</marc:subfield>
      </marc:datafield>
      <marc:datafield tag="260" ind1=" " ind2=" ">
         <marc:subfield code="c">1970-12-3</marc:subfield>
      </marc:datafield>
      <marc:datafield tag="520" ind1=" " ind2=" ">
         <marc:subfield code="a">Two two-character plays by Tennessee Williams were broadcast together under
         the collective title "Dragon Country" on WNET-TV in 1970--"Talk to me like the rain and let
         me listen" and "I can't imagine tomorrow." From NET microfiche: Kim Stanley and William
         Redfield star in the world premiere of Tennessee Williams' "I Can't Imagine Tomorrow." Its
         companion piece is a much earlier Williams' play, never before seen on television, "Talk to
         Me Like the Rain and Let Me Listen," starring Lois Smith and Alan Mixon. Together, these
         works comprise the NET Playhouse presentation titled "Dragon Country," produced by WNET's
         New York Television Theatre. Producer-director Glenn Jordan (who has directed three
         Emmy-winning performances for New York Television Theatre) has brought together these two
         plays, written 20 years apart, because of the similarity in theme - that of isolation. In
         "I Can't Imagine Tomorrow," Williams defines Dragon Country as a land of "endured but
         unendurable pain" where "each one is so absorbed, deafened, blinded by his own journey
         across it, he sees, he looks for, no one else crawling across it with him." Kim Stanley
         portrays a middle-aged woman who lives alone and has an illness from which she knows she is
         dying. Coming to see her each night is a shy, frightened man (William Redfield) who is
         unable to function normally with people and so clings desperately to his relationship with
         her while shutting out the rest of the world. Knowing what lies ahead she tries to weaken
         his bond with her. The play is set somewhere in the South. In the shorter of the two plays,
         Alan Mixon is a down-and-out man living on welfare in New York City who returns one night
         to the wife he had left (Lois Smith). The next morning he implores her to "talk to me like
         the rain and let me listen" and she responds by weaving a poignant fantasy in which she
         pictures herself living the rest of her life in peace completely uninvolved with any other
         human being. PLEASE NOTE: This New York Television Theatre production constitutes the world
         premiere of "I Can't Imagine Tomorrow" and the television premiere of "Talk to Me Like the
         Rain and Let Me Listen." This marks the first time that a Tennessee Williams play has
         received its world premiere on television. Suggested Newspaper Lisiting: "Dragon Country" -
         Kim Stanley, William Redfield, Lois Smith and Alan Mixon star in two plays by Tennessee
         Williams, including the world premiere performance of "I Can't Imagine Tomorrow." NET
         Playhouse #216 - "Dragon Country" is a presentation of NET, produced by the New York
         Television Theatre at Channel 13. Produced and directed by Glenn Jordan. Associate
         Producer: Virginia Gray. NET Playhouse Executive Producer: Jac Venza.</marc:subfield>
      </marc:datafield>
      <marc:datafield tag="337" ind1=" " ind2=" ">
         <marc:subfield code="a">Moving Image</marc:subfield>
         <marc:subfield code="2">MAVIS media type controlled vocabulary</marc:subfield>
      </marc:datafield>
      <marc:datafield tag="024" ind1="8" ind2=" ">
         <marc:subfield code="a">1821353</marc:subfield>
         <marc:subfield code="2">MAVIS Title Number</marc:subfield>
      </marc:datafield>
      <marc:datafield tag="024" ind1="8" ind2=" ">
         <marc:subfield code="a">PAu002518687</marc:subfield>
         <marc:subfield code="2">Copyright Registration Number</marc:subfield>
      </marc:datafield>
      <marc:datafield tag="024" ind1="8" ind2=" ">
         <marc:subfield code="a">257 (PBS-1994.xls Excel spreadsheet)</marc:subfield>
         <marc:subfield code="2">NET/PBS number</marc:subfield>
      </marc:datafield>
      <marc:datafield tag="024" ind1="8" ind2=" ">
         <marc:subfield code="a">NETP</marc:subfield>
         <marc:subfield code="2">NET/PBS NOLA</marc:subfield>
      </marc:datafield>
      <marc:datafield tag="024" ind1="8" ind2=" ">
         <marc:subfield code="a">216 (NET microfiche)</marc:subfield>
         <marc:subfield code="2">NET/PBS number</marc:subfield>
      </marc:datafield>
      <marc:datafield tag="024" ind1="8" ind2=" ">
         <marc:subfield code="a">NYTR (Component 7, VUB 2354)</marc:subfield>
         <marc:subfield code="2">NET/PBS NOLA</marc:subfield>
      </marc:datafield>
      <marc:datafield tag="546" ind1=" " ind2=" ">
         <marc:subfield code="a">English</marc:subfield>
      </marc:datafield>
      <marc:datafield tag="787" ind1="0" ind2=" ">
         <marc:subfield code="w">1812577</marc:subfield>
         <marc:subfield code="n">MAVIS id number</marc:subfield>
      </marc:datafield>
      <marc:datafield tag="787" ind1="0" ind2=" ">
         <marc:subfield code="w">2058914</marc:subfield>
         <marc:subfield code="n">MAVIS id number</marc:subfield>
         <marc:subfield code="m">Content 1</marc:subfield>
      </marc:datafield>
      <marc:datafield tag="787" ind1="0" ind2=" ">
         <marc:subfield code="w">2058916</marc:subfield>
         <marc:subfield code="n">MAVIS id number</marc:subfield>
         <marc:subfield code="m">Content 2</marc:subfield>
      </marc:datafield>
      <marc:datafield tag="245" ind1="0" ind2="0">
         <marc:subfield code="a">Dragon country.</marc:subfield>
         <marc:subfield code="b">New York Television Theater ; directed and
         produced by Glenn Jordan ; written by Tennessee Williams.</marc:subfield>
      </marc:datafield>
      <marc:datafield tag="246" ind1="3" ind2="3">
         <marc:subfield code="a">NET playhouse. Dragon
         country.</marc:subfield>
      </marc:datafield>
      <marc:datafield tag="246" ind1="3" ind2="3">
         <marc:subfield code="a">New York Television
         Theater. Dragon country.</marc:subfield>
      </marc:datafield>
      <marc:datafield tag="246" ind1="3" ind2="3">
         <marc:subfield code="a">NET playhouse.
         Dragon county.</marc:subfield>
      </marc:datafield>
      <marc:datafield tag="246" ind1="3" ind2="3">
         <marc:subfield code="a">Dragon county. Tennessee
         Williams.</marc:subfield>
      </marc:datafield>
      <marc:datafield tag="246" ind1="3" ind2="3">
         <marc:subfield code="a">NET playhouse. [216], Dragon country.</marc:subfield>
      </marc:datafield>
      <marc:datafield tag="246" ind1="3" ind2="3">
         <marc:subfield code="a">NET playhouse. [257], Dragon country.</marc:subfield>
      </marc:datafield>
      <marc:datafield tag="655" ind1=" " ind2="0">
         <marc:subfield code="a">Fiction television programs
         (lcgft)</marc:subfield>
         <marc:subfield code="0">http://id.loc.gov/authorities/genreForms/gf2011026252\n</marc:subfield>
      </marc:datafield>
      <marc:datafield tag="655" ind1=" " ind2="0">
         <marc:subfield code="a">Televised plays (lcgft)</marc:subfield>
         <marc:subfield code="0">http://id.loc.gov/authorities/genreForms/gf2011026647</marc:subfield>
      </marc:datafield>
      <marc:datafield tag="655" ind1=" " ind2="0">
         <marc:subfield code="a">Television series (lcgft)</marc:subfield>
         <marc:subfield code="0">http://id.loc.gov/authorities/genreForms/gf2011026680</marc:subfield>
      </marc:datafield>
   </marc:record>