
   <marc:record>
      <marc:leader>      am         3u     </marc:leader>
      <marc:datafield tag="042" ind1=" " ind2=" ">
         <marc:subfield code="a">dc</marc:subfield>
      </marc:datafield>
      <marc:datafield tag="720" ind1=" " ind2=" ">
         <marc:subfield code="a">National Educational Television and Radio Center</marc:subfield>
         <marc:subfield code="e">Broadcaster</marc:subfield>
         <marc:subfield code="0">http://id.loc.gov/authorities/names/n80050382</marc:subfield>
      </marc:datafield>
      <marc:datafield tag="720" ind1=" " ind2=" ">
         <marc:subfield code="a">Wexler, Jacqueline Grennan</marc:subfield>
         <marc:subfield code="e">Appearing</marc:subfield>
      </marc:datafield>
      <marc:datafield tag="720" ind1=" " ind2=" ">
         <marc:subfield code="a">National Educational Television and Radio Center</marc:subfield>
         <marc:subfield code="e">Production Company</marc:subfield>
         <marc:subfield code="0">http://id.loc.gov/authorities/names/n80050382</marc:subfield>
      </marc:datafield>
      <marc:datafield tag="720" ind1=" " ind2=" ">
         <marc:subfield code="a">Willis, Jack
         (Film producer)</marc:subfield>
         <marc:subfield code="e">Director</marc:subfield>
         <marc:subfield code="0">http://id.loc.gov/authorities/names/no2014141177</marc:subfield>
      </marc:datafield>
      <marc:datafield tag="720" ind1=" " ind2=" ">
         <marc:subfield code="a">Willis, Jack
         (Film producer)</marc:subfield>
         <marc:subfield code="e">Producer</marc:subfield>
         <marc:subfield code="0">http://id.loc.gov/authorities/names/no2014141177</marc:subfield>
      </marc:datafield>
      <marc:datafield tag="720" ind1=" " ind2=" ">
         <marc:subfield code="a">Willis, Jack
         (Film producer)</marc:subfield>
         <marc:subfield code="e">Writer</marc:subfield>
         <marc:subfield code="0">http://id.loc.gov/authorities/names/no2014141177</marc:subfield>
      </marc:datafield>
      <marc:datafield tag="260" ind1=" " ind2=" ">
         <marc:subfield code="c">1967-5-8</marc:subfield>
      </marc:datafield>
      <marc:datafield tag="520" ind1=" " ind2=" ">
         <marc:subfield code="a">From NET microfiche: Description #1 Every seventh child in the US attends
         parochial school. Here, the nun usually is his spiritual -- and intellectual -- guardian.
         And the aura of Catholicism pervades his educational life -- from the statues throughout
         the school to the morning catechism and the interpretation of such subjects as literature
         and history. Parents, who usually determine his presence in Catholic school, contend that
         he receives a better education, that he benefits from the religious guidance and absence of
         immoral influences, that he requires the discipline of a nun's tutelage. A study of the
         parochial school system, "Every Seventh Child" depicts the conflicts and contradictions
         within the Catholic movement. Above all, it raises the following issues: in an age of
         rising costs, the Catholic schools are pressing for Federal money; and in an age of
         enlightened Catholicism, many religious heads are questioning whether their system is
         consistent with the spirit of "Vatican II" (the recent Ecumenical Council). This conflict
         is expressed most pointedly in the film by Jacqueline Grennan, head of Webster College
         (Webster Groves, Mo.), who recently shocked conventionalists by leading a movement to
         secularize her school, thus shedding her nun's habit. The church, she says, "needs opening,
         if it's not a remnant ... if it really has something to share with the world, I invest my
         life in an open system, (believing) people become more contemplative the more you open a
         system." Meanwhile, parochial school teaching remains basically uncharged. "Every Seventh
         Child" has gone inside Catholic schools to film the nun at work and the child at prayer.
         Here, students learn religion by rote or practice sacramental roles (as when a boy plays
         the priest attending to "a dying man" and other children play mourners). Religious leaders
         and parents justify the continuance of the system -- and the need for Federal funds. (A
         flamboyant Baltimore priest describes the latest coloring exercise: "Paint God green."
         Another priest justifies the push for federal funds on the basis of the school's
         contribution to the community.) But other Catholics disagree. In Brooklyn, a slum district
         priest calls the church "less than altruistic" in running parochial schools, and notes that
         Vatican II represents "just and equal education for all children." Another view is
         presented by Carol Rinderer who recently left the convent after participating in a civil
         rights march in Chicago. Describing her shock at the crowd's insults, she noted "The worst
         hecklers were obviously Catholics. And I kept thinking, 'We taught you the wrong things.'
         It never mattered whether there was hate in their heart. We worked within a structure
         doomed to failure -- a system of ghetto education .. saying we're people apart." Similar
         criticism comes from a student at St. John's University, recalling their grammar school
         days: "It was almost anti-sex." "Your mother and father just throw you in there, figuring
         it's the safest thing." "When I announced I was for birth control, the nun said she'd pray
         for me." The program ends with an experimental class in comparative religion being
         conducted by nuns at Webster College. The pupils, third graders, are learning the roots of
         prejudice and the art of praying to a Buddhist god. Consistent with the questioning spirit
         of "Vatican II," this approach to education may represent the future of the parochial
         system. But the present looms as a bulwark resisting change, the program finds. "NET
         Journal -- Every Seventh Child" is a production of National Educational Television,
         produced, directed and written by Jack Willis. Associate producer; Catherine Clarke
         Description #2 National Educational Television goes behind the walls of the parish school
         to confront the crisis in Catholic education when "NET Journal" present the potent
         documentary "Every Seventh Child." Filmed in parochial schools from Baltimore to St. Louis,
         the program stresses the substance of Catholic education, a separatist system questioned by
         many ecumenical Catholics at a time when the church is pressing for federal funds. It is a
         time, too, when Catholic education has become a public issue through incidents at St.
         John's and Catholic universities. Among those appearing on the program are: Jacqueline
         Grennan, the former nun who is president of newly-secularized Webster College. Miss Grennan
         calls for "an open system" that is "evolutionary" in the true ecumenical sense, rather the
         "apologetics" that "we were all taught ... in high school ... I've never known human beings
         who got to know each other in a debating society." Carole Reinderer, recently relieved of
         her nun's vows and now teaching in a Chicago public school. Discussing Catholic secondary
         schools, she says, "I would certainly try, bit by bit, to close them down and in their
         place ... try to form Christian community, serving the ... actual felt needs that are
         within the community." She adds, "When you set up a ghetto kind of education, no matter
         what else we say, existentially we're saying we are a people apart." Brother Anthony
         Ipsaro, superintendent of parochial schools in Baltimore, who emphasizes the current
         concern of Catholic education with a graphic allusion: "Paint God green." Father Jack
         Powers, a Brooklyn priest who wants to close down his slum school since it can handle so
         few of the children needing "a just and equal education." Monsignor George Kelly, secretary
         of education for New York Archdiocese, and Father Satler, rector of Baltimore's St. James
         Church, who argue that Catholic schools are vital to the community -- especially in poor
         neighborhoods -- and therefore merit federal money. Attorney Leo Pfeffer, who states "you
         have no constitutional right for the public to pay for the destruction of their own
         institution" by financing the parochial, at the expense of the public school. Students at
         St. John's University, who describe their parochial education. Nuns in classrooms in
         Philadelphia, Baltimore and Rochester, New York. In addition, the program visits a
         progressive class in comparative religion for children of all faiths, being conducted by
         nuns at Webster College. "NET Journal -- Every Seventh Child" is a production of National
         Educational Television. Produced, written and directed by Jack Willis. Associate producer:
         Catherine Clarke</marc:subfield>
      </marc:datafield>
      <marc:datafield tag="337" ind1=" " ind2=" ">
         <marc:subfield code="a">Moving Image</marc:subfield>
         <marc:subfield code="2">MAVIS media type controlled vocabulary</marc:subfield>
      </marc:datafield>
      <marc:datafield tag="024" ind1="8" ind2=" ">
         <marc:subfield code="a">2331751</marc:subfield>
         <marc:subfield code="2">MAVIS Title Number</marc:subfield>
      </marc:datafield>
      <marc:datafield tag="024" ind1="8" ind2=" ">
         <marc:subfield code="a">EVSC</marc:subfield>
         <marc:subfield code="2">NET/PBS NOLA</marc:subfield>
      </marc:datafield>
      <marc:datafield tag="024" ind1="8" ind2=" ">
         <marc:subfield code="a">1</marc:subfield>
         <marc:subfield code="2">NET/PBS number</marc:subfield>
      </marc:datafield>
      <marc:datafield tag="546" ind1=" " ind2=" ">
         <marc:subfield code="a">English</marc:subfield>
      </marc:datafield>
      <marc:datafield tag="653" ind1=" " ind2=" ">
         <marc:subfield code="a">Catholic schools</marc:subfield>
         <marc:subfield code="0">http://id.loc.gov/authorities/subjects/sh85021221</marc:subfield>
      </marc:datafield>
      <marc:datafield tag="653" ind1=" " ind2=" ">
         <marc:subfield code="a">Catholic universities and
         colleges</marc:subfield>
         <marc:subfield code="0">http://id.loc.gov/authorities/subjects/sh85021224</marc:subfield>
      </marc:datafield>
      <marc:datafield tag="653" ind1=" " ind2=" ">
         <marc:subfield code="a">Vatican Council</marc:subfield>
         <marc:subfield code="0">http://id.loc.gov/authorities/names/n79084169</marc:subfield>
      </marc:datafield>
      <marc:datafield tag="245" ind1="0" ind2="0">
         <marc:subfield code="a">Every seventh child.</marc:subfield>
         <marc:subfield code="b">National Educational Television ;
         producer-director-writer, Jack Willis.</marc:subfield>
      </marc:datafield>
      <marc:datafield tag="246" ind1="3" ind2="3">
         <marc:subfield code="a">NET journal.</marc:subfield>
      </marc:datafield>
      <marc:datafield tag="246" ind1="3" ind2="3">
         <marc:subfield code="a">NET journal:
         every seventh child.</marc:subfield>
      </marc:datafield>
      <marc:datafield tag="246" ind1="3" ind2="3">
         <marc:subfield code="a">Every seventh child. NET
         journal.</marc:subfield>
      </marc:datafield>
      <marc:datafield tag="655" ind1=" " ind2="0">
         <marc:subfield code="a">Documentary television programs
         (lcgft)</marc:subfield>
         <marc:subfield code="0">http://id.loc.gov/authorities/genreForms/gf2011026207</marc:subfield>
      </marc:datafield>
      <marc:datafield tag="655" ind1=" " ind2="0">
         <marc:subfield code="a">Educational television programs
         (lcgft)</marc:subfield>
         <marc:subfield code="0">http://id.loc.gov/authorities/genreForms/gf2011026221\n</marc:subfield>
      </marc:datafield>
      <marc:datafield tag="655" ind1=" " ind2="0">
         <marc:subfield code="a">Nonfiction television programs
         (lcgft)</marc:subfield>
         <marc:subfield code="0">http://id.loc.gov/authorities/genreForms/gf2011026425</marc:subfield>
      </marc:datafield>
      <marc:datafield tag="655" ind1=" " ind2="0">
         <marc:subfield code="a">Religious television programs
         (lcgft)</marc:subfield>
         <marc:subfield code="0">http://id.loc.gov/authorities/genreForms/gf2011026528\n</marc:subfield>
      </marc:datafield>
   </marc:record>