
   <marc:record>
      <marc:leader>      am         3u     </marc:leader>
      <marc:datafield tag="042" ind1=" " ind2=" ">
         <marc:subfield code="a">dc</marc:subfield>
      </marc:datafield>
      <marc:datafield tag="720" ind1=" " ind2=" ">
         <marc:subfield code="a">WNET
         New York Public Media</marc:subfield>
         <marc:subfield code="e">Broadcaster</marc:subfield>
         <marc:subfield code="0">http://id.loc.gov/authorities/names/no2012006279</marc:subfield>
      </marc:datafield>
      <marc:datafield tag="520" ind1=" " ind2=" ">
         <marc:subfield code="a">Widely recognized as a pioneering work of the biographical documentary genre,
         the film was highly innovative at the time. To create a vivid, living portrait of Gertrude
         Stein, it combines vintage photographs, letters, works of art, songs, archival and newsreel
         footage and radio. In addition, live musical and dramatic performances are based on Steins
         writings; interviews with surviving witnesses who were part of Gertrude Steins legendary
         charmed circle contribute intimate recollections. Artists, writers and a wide variety of
         fascinating personalities beat a path to 27 rue de Fleurus, for Gertrude Steins salon was
         one of the most sought-after in Paris in the early decades of the Twentieth century. This
         biography views Stein within the time, the place and the milieu in which she thrived, aided
         and abetted by her life-long companion Alice B. Toklas. The script is derived mainly from
         Steins cleverly mis-titled self-portrait The Autobiography of Alice B. Toklas, supplemented
         by candid on-camera conversations with friends and colleagues, among them Virgil Thompson,
         Janet Flanner, Jacques Lipschitz, Pierre Balmain, Daniel-Henri Kahnweiler, Bennett Cerf,
         Mrs. Jenny Bradley and Georges Hugnet. Through images and voice-over quotes by actors,
         other key players in her life are summoned: William James, Ambroise Vollard, Pablo Picasso,
         Henri Matisse, Juan Gris, Thornton Wilder, Ernest Hemingway, Ezra Pound, James Joyce, T.S.
         Eliot, and others. Gertrude Stein: When This You See, Remember Me includes numerous
         examples of Steins poetry and literature such as: Three Lives, Tender Buttons, The Making
         of Americans, her opera Four Saints in Three Acts and Wars I have Seen which are presented
         visually or dramatized by leading actors. Until recently, Gertrude Steins role as an early
         champion of Cubism and a trailblazing patron of Picasso and Modernism was far better known
         than her obscure writings. Her art collection at 27 rue de Fleurus has been called the
         first museum of modern art. With the publication of The Autobiography of Alice B Toklas in
         1934, Steins writing finally reached a broad audience. Many lesser-known works have now
         achieved wide publication and her powerful literary influence is acknowledged and continues
         to grow. As always, Gertrude has the last word...My writing is as clear as mud but mud
         stays and clear streams flow on.</marc:subfield>
      </marc:datafield>
      <marc:datafield tag="337" ind1=" " ind2=" ">
         <marc:subfield code="a">Moving Image</marc:subfield>
         <marc:subfield code="2">MAVIS media type controlled vocabulary</marc:subfield>
      </marc:datafield>
      <marc:datafield tag="024" ind1="8" ind2=" ">
         <marc:subfield code="a">2164439</marc:subfield>
         <marc:subfield code="2">MAVIS Title Number</marc:subfield>
      </marc:datafield>
      <marc:datafield tag="024" ind1="8" ind2=" ">
         <marc:subfield code="a">cpb-aacip/62-d21rf5kq9n</marc:subfield>
         <marc:subfield code="2">American Archive GUID</marc:subfield>
      </marc:datafield>
      <marc:datafield tag="024" ind1="8" ind2=" ">
         <marc:subfield code="a">WNET Production File Name:
         PMAAP_03.1970_G_Stein</marc:subfield>
         <marc:subfield code="2">Original Control No.</marc:subfield>
      </marc:datafield>
      <marc:datafield tag="024" ind1="8" ind2=" ">
         <marc:subfield code="a">Sony Ci:
         5a02c379a7134c8b9fd6d0c72ca82225</marc:subfield>
         <marc:subfield code="2">Original Control No.</marc:subfield>
      </marc:datafield>
      <marc:datafield tag="546" ind1=" " ind2=" ">
         <marc:subfield code="a">English</marc:subfield>
      </marc:datafield>
      <marc:datafield tag="787" ind1="0" ind2=" ">
         <marc:subfield code="w">2478170</marc:subfield>
         <marc:subfield code="n">MAVIS id number</marc:subfield>
      </marc:datafield>
      <marc:datafield tag="245" ind1="0" ind2="0">
         <marc:subfield code="a">Gertrude Stein: When This You See,
         Remember Me</marc:subfield>
      </marc:datafield>
   </marc:record>