
   <marc:record>
      <marc:leader>      am         3u     </marc:leader>
      <marc:datafield tag="042" ind1=" " ind2=" ">
         <marc:subfield code="a">dc</marc:subfield>
      </marc:datafield>
      <marc:datafield tag="720" ind1=" " ind2=" ">
         <marc:subfield code="a"/>
         <marc:subfield code="e">Appearing</marc:subfield>
      </marc:datafield>
      <marc:datafield tag="720" ind1=" " ind2=" ">
         <marc:subfield code="a">Zinn,
         Howard</marc:subfield>
         <marc:subfield code="e">Appearing</marc:subfield>
         <marc:subfield code="0">http://id.loc.gov/authorities/names/n79059761</marc:subfield>
      </marc:datafield>
      <marc:datafield tag="720" ind1=" " ind2=" ">
         <marc:subfield code="a">National Educational Television and Radio Center</marc:subfield>
         <marc:subfield code="e">Production Company</marc:subfield>
         <marc:subfield code="0">http://id.loc.gov/authorities/names/n80050382</marc:subfield>
      </marc:datafield>
      <marc:datafield tag="720" ind1=" " ind2=" ">
         <marc:subfield code="a">Lockwood,
         Lee</marc:subfield>
         <marc:subfield code="e">Producer</marc:subfield>
         <marc:subfield code="0">http://id.loc.gov/authorities/names/n50050511</marc:subfield>
      </marc:datafield>
      <marc:datafield tag="260" ind1=" " ind2=" ">
         <marc:subfield code="c">1970-9-7</marc:subfield>
      </marc:datafield>
      <marc:datafield tag="520" ind1=" " ind2=" ">
         <marc:subfield code="a">From NET microfiche: This program features a series of interviews with the
         Rev. Daniel J. Berrigan, the fugitive priest convicted of destroying draft records to
         protest the war in Vietnam. One of the interviews was conducted while he was a fugitive
         from justice and shortly before he was captured by the FBI agents on August 11. Father
         Berrigan, a 49-year old Jesuit and poet, was one of the so-called "Catonsville Nine" who
         destroyed draft files on May 17, 1968, at the Selective Service office in Catonsville, MD,
         by burning them with homemade napalm. Also among the nine persons arrested and convicted
         was Berrigan's brother, the Rev. Philip F. Berrigan, who is now serving a six-year
         sentence. The two refused to surrender last April 9 to serve their sentences after their
         appeals had been rejected by the Supreme Court. Father Philip Berrigan was arrested by the
         FBI on April 21 in a church in New York City. In the interviews, Father Berrigan expresses
         the view that peaceful protests have not been effective in ending the war and that persons
         with respected positions in society must risk their lives and their careers in performing
         acts that bring them into conflict with the law. Father Berrigan says that a person who
         commits civil disobedience to protest injustice is not morally obligated to submit to penal
         authorities. Berrigan is also seen delivering a sermon during a surprise appearance at the
         First United Methodist Church, Germantown, Penn., shortly before he was captured. Also
         interviewed are Berrigan's mother, his brother Jerry, and friends who were influenced by
         him. The latter include Tony Mullaney and Bob Cunnane, priests who were members of the
         "Milwaukee Fourteen," another group which burned draft files; and Howard Zinn, a history
         professor at Boston University who accompanied Berrigan to Hanoi in 1968 to bring back
         three American prisoners of war. NET Journal #285 -- "Father Berrigan" is a production of
         National Educational Television. Producer: Lee Lockwood.</marc:subfield>
      </marc:datafield>
      <marc:datafield tag="337" ind1=" " ind2=" ">
         <marc:subfield code="a">Moving Image</marc:subfield>
         <marc:subfield code="2">MAVIS media type controlled vocabulary</marc:subfield>
      </marc:datafield>
      <marc:datafield tag="024" ind1="8" ind2=" ">
         <marc:subfield code="a">1845517</marc:subfield>
         <marc:subfield code="2">MAVIS Title Number</marc:subfield>
      </marc:datafield>
      <marc:datafield tag="024" ind1="8" ind2=" ">
         <marc:subfield code="a">FDBO</marc:subfield>
         <marc:subfield code="2">NET/PBS NOLA</marc:subfield>
      </marc:datafield>
      <marc:datafield tag="024" ind1="8" ind2=" ">
         <marc:subfield code="a">0 (PBS-1994-Excel spreadsheet)</marc:subfield>
         <marc:subfield code="2">NET/PBS number</marc:subfield>
      </marc:datafield>
      <marc:datafield tag="024" ind1="8" ind2=" ">
         <marc:subfield code="a">285 (NET microfiche)</marc:subfield>
         <marc:subfield code="2">NET/PBS number</marc:subfield>
      </marc:datafield>
      <marc:datafield tag="546" ind1=" " ind2=" ">
         <marc:subfield code="a">English</marc:subfield>
      </marc:datafield>
      <marc:datafield tag="653" ind1=" " ind2=" ">
         <marc:subfield code="a">Priests</marc:subfield>
         <marc:subfield code="0">http://id.loc.gov/authorities/subjects/sh85106637</marc:subfield>
      </marc:datafield>
      <marc:datafield tag="653" ind1=" " ind2=" ">
         <marc:subfield code="a">Civil disobedience</marc:subfield>
         <marc:subfield code="0">http://id.loc.gov/authorities/subjects/sh90000103</marc:subfield>
      </marc:datafield>
      <marc:datafield tag="653" ind1=" " ind2=" ">
         <marc:subfield code="a">Anti-war demonstrations</marc:subfield>
         <marc:subfield code="0">http://id.loc.gov/authorities/subjects/sh2008003660</marc:subfield>
      </marc:datafield>
      <marc:datafield tag="653" ind1=" " ind2=" ">
         <marc:subfield code="a">Draft</marc:subfield>
         <marc:subfield code="0">http://id.loc.gov/authorities/subjects/sh85085286</marc:subfield>
      </marc:datafield>
      <marc:datafield tag="653" ind1=" " ind2=" ">
         <marc:subfield code="a">Political activists</marc:subfield>
         <marc:subfield code="0">http://id.loc.gov/authorities/subjects/sh88005959</marc:subfield>
      </marc:datafield>
      <marc:datafield tag="653" ind1=" " ind2=" ">
         <marc:subfield code="a"/>
      </marc:datafield>
      <marc:datafield tag="245" ind1="0" ind2="0">
         <marc:subfield code="a">Father Daniel Berrigan--the holy outlaw.</marc:subfield>
         <marc:subfield code="b">National Educational Television ; producer,
         Lee Lockwood.</marc:subfield>
      </marc:datafield>
      <marc:datafield tag="246" ind1="3" ind2="3">
         <marc:subfield code="a">The holy outlaw.</marc:subfield>
      </marc:datafield>
      <marc:datafield tag="246" ind1="3" ind2="3">
         <marc:subfield code="a">NET journal.
         Father Daniel Berrigan--the holy outlaw.</marc:subfield>
      </marc:datafield>
      <marc:datafield tag="246" ind1="3" ind2="3">
         <marc:subfield code="a">NET journal. [No. 285], Father Daniel Berrigan--the
         holy outlaw.</marc:subfield>
      </marc:datafield>
      <marc:datafield tag="655" ind1=" " ind2="0">
         <marc:subfield code="a">Documentary television programs
         (lcgft)</marc:subfield>
         <marc:subfield code="0">http://id.loc.gov/authorities/genreForms/gf2011026207</marc:subfield>
      </marc:datafield>
      <marc:datafield tag="655" ind1=" " ind2="0">
         <marc:subfield code="a">Nonfiction television programs
         (lcgft)</marc:subfield>
         <marc:subfield code="0">http://id.loc.gov/authorities/genreForms/gf2011026425</marc:subfield>
      </marc:datafield>
   </marc:record>