
   <marc:record>
      <marc:leader>      am         3u     </marc:leader>
      <marc:datafield tag="042" ind1=" " ind2=" ">
         <marc:subfield code="a">dc</marc:subfield>
      </marc:datafield>
      <marc:datafield tag="720" ind1=" " ind2=" ">
         <marc:subfield code="a">Dale, Grover</marc:subfield>
         <marc:subfield code="e">Choreographer</marc:subfield>
         <marc:subfield code="0">http://id.loc.gov/authorities/names/no2007080812</marc:subfield>
      </marc:datafield>
      <marc:datafield tag="720" ind1=" " ind2=" ">
         <marc:subfield code="a">McKayle, Donald</marc:subfield>
         <marc:subfield code="e">Choreographer</marc:subfield>
         <marc:subfield code="0">http://id.loc.gov/authorities/names/nr95000220</marc:subfield>
      </marc:datafield>
      <marc:datafield tag="720" ind1=" " ind2=" ">
         <marc:subfield code="a">National Educational Television and Radio Center</marc:subfield>
         <marc:subfield code="e">Broadcaster</marc:subfield>
         <marc:subfield code="0">http://id.loc.gov/authorities/names/n80050382</marc:subfield>
      </marc:datafield>
      <marc:datafield tag="720" ind1=" " ind2=" ">
         <marc:subfield code="a">Corporation for Public
         Broadcasting</marc:subfield>
         <marc:subfield code="e">Distributor/Release Co.</marc:subfield>
         <marc:subfield code="0">http://id.loc.gov/authorities/names/n79032200</marc:subfield>
      </marc:datafield>
      <marc:datafield tag="720" ind1=" " ind2=" ">
         <marc:subfield code="a">Miller,
         Buzz</marc:subfield>
         <marc:subfield code="e">Dancer</marc:subfield>
         <marc:subfield code="0">http://id.loc.gov/authorities/names/nr2001043791</marc:subfield>
      </marc:datafield>
      <marc:datafield tag="720" ind1=" " ind2=" ">
         <marc:subfield code="a">Coles,
         Honi</marc:subfield>
         <marc:subfield code="e">Appearing</marc:subfield>
         <marc:subfield code="0">http://id.loc.gov/authorities/names/nr95000216</marc:subfield>
      </marc:datafield>
      <marc:datafield tag="720" ind1=" " ind2=" ">
         <marc:subfield code="a"/>
         <marc:subfield code="e">Instrumentalist</marc:subfield>
      </marc:datafield>
      <marc:datafield tag="720" ind1=" " ind2=" ">
         <marc:subfield code="a">Butler, John</marc:subfield>
         <marc:subfield code="e">Choreographer</marc:subfield>
      </marc:datafield>
      <marc:datafield tag="720" ind1=" " ind2=" ">
         <marc:subfield code="a">Butler, John</marc:subfield>
         <marc:subfield code="e">Dancer</marc:subfield>
      </marc:datafield>
      <marc:datafield tag="720" ind1=" " ind2=" ">
         <marc:subfield code="a">Kassel, Virginia</marc:subfield>
         <marc:subfield code="e">Associate Producer</marc:subfield>
         <marc:subfield code="0">http://id.loc.gov/authorities/names/n97852230</marc:subfield>
      </marc:datafield>
      <marc:datafield tag="720" ind1=" " ind2=" ">
         <marc:subfield code="a">Kelly,
         Paula</marc:subfield>
         <marc:subfield code="e">Dancer</marc:subfield>
         <marc:subfield code="0">http://id.loc.gov/authorities/names/n88051156</marc:subfield>
      </marc:datafield>
      <marc:datafield tag="720" ind1=" " ind2=" ">
         <marc:subfield code="a">Williams,
         Dudley, 1938-2015</marc:subfield>
         <marc:subfield code="e">Dancer</marc:subfield>
         <marc:subfield code="0">http://id.loc.gov/authorities/names/n97859289</marc:subfield>
      </marc:datafield>
      <marc:datafield tag="720" ind1=" " ind2=" ">
         <marc:subfield code="a">Louther,
         William</marc:subfield>
         <marc:subfield code="e">Dancer</marc:subfield>
         <marc:subfield code="0">http://id.loc.gov/authorities/names/n97873045</marc:subfield>
      </marc:datafield>
      <marc:datafield tag="720" ind1=" " ind2=" ">
         <marc:subfield code="a">Hardy,
         Michele</marc:subfield>
         <marc:subfield code="e">Dancer</marc:subfield>
         <marc:subfield code="0">http://id.loc.gov/authorities/names/n97861237</marc:subfield>
      </marc:datafield>
      <marc:datafield tag="720" ind1=" " ind2=" ">
         <marc:subfield code="a">Hinkson,
         Mary</marc:subfield>
         <marc:subfield code="e">Dancer</marc:subfield>
         <marc:subfield code="0">http://id.loc.gov/authorities/names/no2008068031</marc:subfield>
      </marc:datafield>
      <marc:datafield tag="720" ind1=" " ind2=" ">
         <marc:subfield code="a">National Educational Television and Radio Center</marc:subfield>
         <marc:subfield code="e">Production Company</marc:subfield>
         <marc:subfield code="0">http://id.loc.gov/authorities/names/n80050382</marc:subfield>
      </marc:datafield>
      <marc:datafield tag="720" ind1=" " ind2=" ">
         <marc:subfield code="a">Venza,
         Jac</marc:subfield>
         <marc:subfield code="e">Producer</marc:subfield>
         <marc:subfield code="0">http://id.loc.gov/authorities/names/no93017967</marc:subfield>
      </marc:datafield>
      <marc:datafield tag="720" ind1=" " ind2=" ">
         <marc:subfield code="a">Dubin,
         Charles</marc:subfield>
         <marc:subfield code="e">Director</marc:subfield>
         <marc:subfield code="0">http://id.loc.gov/authorities/names/n83157909</marc:subfield>
      </marc:datafield>
      <marc:datafield tag="720" ind1=" " ind2=" ">
         <marc:subfield code="a">Goldman,
         Bo</marc:subfield>
         <marc:subfield code="e">Writer</marc:subfield>
         <marc:subfield code="0">http://id.loc.gov/authorities/names/n93073153</marc:subfield>
      </marc:datafield>
      <marc:datafield tag="260" ind1=" " ind2=" ">
         <marc:subfield code="c">1965-12-12</marc:subfield>
      </marc:datafield>
      <marc:datafield tag="260" ind1=" " ind2=" ">
         <marc:subfield code="c">1965-10-26</marc:subfield>
      </marc:datafield>
      <marc:datafield tag="520" ind1=" " ind2=" ">
         <marc:subfield code="a">From NET microfiche (U): USA: Dance launches National Educational Television's
         examination of the visual and musical arts in its new year-long "USA" series. Program 1:
         Echoes of Jazz Donald McKayle, who choreographed the Broadway hit "Golden Boy" starring
         Sammy Davis Jr. has created a dance especially for National Educational Television's
         "Echoes of Jazz." Dancers from two other Broadway hits - Buzz Miller currently in "Funny
         Girl," Michael Harty from "Half a Sixpence," and three dancers from the acclaimed Martha
         Graham troupe, Mary Hinkson, Dudley Williams, and William Louther - perform this and two
         other specially commissioned dances by leading American choreographers Grover Dale and John
         Butler. "Echoes of Jazz" takes a lively look at jazz dancing, a unique and vital American
         art form. It traces the development of jazz dancing from its Negro origins into our modern
         American theater and concert dances. Narrator: Big Wilson.</marc:subfield>
      </marc:datafield>
      <marc:datafield tag="337" ind1=" " ind2=" ">
         <marc:subfield code="a">Moving Image</marc:subfield>
         <marc:subfield code="2">MAVIS media type controlled vocabulary</marc:subfield>
      </marc:datafield>
      <marc:datafield tag="024" ind1="8" ind2=" ">
         <marc:subfield code="a">1162724</marc:subfield>
         <marc:subfield code="2">MAVIS Title Number</marc:subfield>
      </marc:datafield>
      <marc:datafield tag="024" ind1="8" ind2=" ">
         <marc:subfield code="a">UDNC</marc:subfield>
         <marc:subfield code="2">NET/PBS NOLA</marc:subfield>
      </marc:datafield>
      <marc:datafield tag="024" ind1="8" ind2=" ">
         <marc:subfield code="a">101</marc:subfield>
         <marc:subfield code="2">NET/PBS number</marc:subfield>
      </marc:datafield>
      <marc:datafield tag="546" ind1=" " ind2=" ">
         <marc:subfield code="a">English</marc:subfield>
      </marc:datafield>
      <marc:datafield tag="787" ind1="0" ind2=" ">
         <marc:subfield code="w">2117651</marc:subfield>
         <marc:subfield code="n">MAVIS id number</marc:subfield>
      </marc:datafield>
      <marc:datafield tag="653" ind1=" " ind2=" ">
         <marc:subfield code="a">Jazz dance</marc:subfield>
         <marc:subfield code="0">http://id.loc.gov/authorities/subjects/sh85069823</marc:subfield>
      </marc:datafield>
      <marc:datafield tag="245" ind1="0" ind2="0">
         <marc:subfield code="a">USA--dance. Echoes of Jazz.</marc:subfield>
         <marc:subfield code="b">produced by National Educational Television ;
         producer, Jac Venza ; director, Charles S. Dubin ; writer, Bo Goldman ; choreographers,
         Donald McKayle, Grover Dale, John Butler.</marc:subfield>
      </marc:datafield>
      <marc:datafield tag="246" ind1="3" ind2="3">
         <marc:subfield code="a">Echoes of Jazz.</marc:subfield>
      </marc:datafield>
      <marc:datafield tag="246" ind1="3" ind2="3">
         <marc:subfield code="a">USA--dance. [No. 1], Echoes of
         Jazz.</marc:subfield>
      </marc:datafield>
      <marc:datafield tag="246" ind1="3" ind2="3">
         <marc:subfield code="a">The jazz of Gunther
         Schuller.</marc:subfield>
      </marc:datafield>
      <marc:datafield tag="246" ind1="3" ind2="3">
         <marc:subfield code="a">Duke Ellington and the Big
         Band.</marc:subfield>
      </marc:datafield>
      <marc:datafield tag="246" ind1="3" ind2="3">
         <marc:subfield code="a">Jelly Roll Morton and the
         20s.</marc:subfield>
      </marc:datafield>
      <marc:datafield tag="246" ind1="3" ind2="3">
         <marc:subfield code="a">U.S.A.--dance. Echoes of Jazz.</marc:subfield>
      </marc:datafield>
      <marc:datafield tag="246" ind1="3" ind2="3">
         <marc:subfield code="a">USA--dance. [No. 101], Echoes of Jazz.</marc:subfield>
      </marc:datafield>
      <marc:datafield tag="655" ind1=" " ind2="0">
         <marc:subfield code="a">Cultural television programs
         (lcgft)</marc:subfield>
         <marc:subfield code="0">http://id.loc.gov/authorities/genreForms/gf2011026178</marc:subfield>
      </marc:datafield>
      <marc:datafield tag="655" ind1=" " ind2="0">
         <marc:subfield code="a">Dance television programs
         (lcgft)</marc:subfield>
         <marc:subfield code="0">http://id.loc.gov/authorities/genreForms/gf2011026189</marc:subfield>
      </marc:datafield>
      <marc:datafield tag="655" ind1=" " ind2="0">
         <marc:subfield code="a">Nonfiction television programs
         (lcgft)</marc:subfield>
         <marc:subfield code="0">http://id.loc.gov/authorities/genreForms/gf2011026425</marc:subfield>
      </marc:datafield>
   </marc:record>