
   <marc:record>
      <marc:leader>      am         3u     </marc:leader>
      <marc:datafield tag="042" ind1=" " ind2=" ">
         <marc:subfield code="a">dc</marc:subfield>
      </marc:datafield>
      <marc:datafield tag="720" ind1=" " ind2=" ">
         <marc:subfield code="a">National Educational Television and Radio Center</marc:subfield>
         <marc:subfield code="e">Broadcaster</marc:subfield>
         <marc:subfield code="0">http://id.loc.gov/authorities/names/n80050382</marc:subfield>
      </marc:datafield>
      <marc:datafield tag="720" ind1=" " ind2=" ">
         <marc:subfield code="a">Schoenbrun,
         David</marc:subfield>
         <marc:subfield code="e">Host</marc:subfield>
         <marc:subfield code="0">http://id.loc.gov/authorities/names/n79116426</marc:subfield>
      </marc:datafield>
      <marc:datafield tag="720" ind1=" " ind2=" ">
         <marc:subfield code="a">Kaufman, Paul</marc:subfield>
         <marc:subfield code="e">Director</marc:subfield>
      </marc:datafield>
      <marc:datafield tag="720" ind1=" " ind2=" ">
         <marc:subfield code="a">Kaufman, Paul</marc:subfield>
         <marc:subfield code="e">Producer</marc:subfield>
      </marc:datafield>
      <marc:datafield tag="260" ind1=" " ind2=" ">
         <marc:subfield code="c">1967-1-30</marc:subfield>
      </marc:datafield>
      <marc:datafield tag="520" ind1=" " ind2=" ">
         <marc:subfield code="a">From NET microfiche: Program Description: "Once upon a time in France... men
         bore arms, and women made themselves beautiful," begins David Schoenbrun, distinguished
         journalist and reporter for NET'S FRANCE IS DEAD: LONG LIVE FRANCE. Mr. Schoenbrun - and a
         wide spectrum of Frenchmen interviewed on the program - describe the old France as a land
         of "work, family, nation, and history." There a man was his father's son. And its hero was
         the great father, Charles de Gaulle. But today, "that France is dead." Though de Gaulle
         rules, preserving a symbol of the old France, his country is "undergoing a profound
         mutation," and whatever offspring, it will "not be de Gaulle's France - not eternal
         France." Mr. Schoenbrun is author of "As France Goes" and was French correspondent for CBS
         from 1946 to 1962. Last summer, he and NET producer-director Paul Kaufman assessed the
         emerging France and the particular quality of "Frenchness" during filming in three basic
         locales - Sen-lis, a town more than 2,000 years old; Paris; and Sarcelles, a new, planned
         suburb about 15 miles from Paris. Their visits ranged from the Ecole Nationale
         d'Administration, a school for the civil service elite, to the Fete Humanite, a Communist
         workers' fair where Coca-Cola and dogma, frigidaires and freedom for Vietnam were served up
         equally. The people interviewed on the program (many of whom speak French, with a voiceover
         translation) are workers and former heroes, actors and students, middle-class commuters and
         Communists, young men and their fathers. Essentially, however, the contrast is between
         youth and age, with you representing not a fad but an emerging France. In terms of numbers,
         France has become a country of the very old and the very young (one-third of all Frenchmen
         are under 20). And, just as World War II decimated an entire generation, so it has created
         a chasm between the old and the new France. -- Gazeau, an 87-year-old notary, recipient of
         the Legion of Honor at Verdun in World War I, boasts of strict discipline and the lessons
         of obedience. -- Lapie is a factory foreman whom de Gaulle's values are "familiar and
         comforting" and who is a devotee of work. -- Lapie's long haired son, Jean Pierre, is more
         representative, however. Though he works with is father, he wants money and is therefore
         "counting on luck," since "being deserving is value that is going out of style." For Jean
         Pierre, says Schoenbrun, the new values are "money, leisure and pals." -- Jean Duquesne is
         a "man of transition." He is middle-aged and middle-class. He was born in Dunkirk, met his
         wife there, and knew everyone. Now a commuter living in Sarcelles, "I was not the son of my
         father, I was only myself . Here, a street is a street, a building a building, a man a
         man." The new France is seen through many of its institutions as well. The workers, for
         instance, have substituted the union for the political party. Even the Communists
         interviewed at the Fete Humanite express a sense of bourgeois comfort, and their political
         rally is a form of "fun fair." Many former churches have been converted - into movies,
         markets, garages. And the young students of administration are intent on giving a "new
         content to happiness." Meanwhile, France remains a country in conflict - not on the
         battlefield, at last, but in a struggle for values. Suggested Newspaper Listing: NET
         JOURNAL -- FRANCE IS DEAD: LONG LIVE FRANCE: Frenchmen talk about their country, their
         goals, de Gaulle, and the war in Vietnam. Reporter David Schoenbrun visits a Communist
         fair, a commuter city, and an ancient city for views of the new France.</marc:subfield>
      </marc:datafield>
      <marc:datafield tag="024" ind1="8" ind2=" ">
         <marc:subfield code="a">2333346</marc:subfield>
         <marc:subfield code="2">MAVIS Title Number</marc:subfield>
      </marc:datafield>
      <marc:datafield tag="653" ind1=" " ind2=" ">
         <marc:subfield code="a">National characteristics,
         French</marc:subfield>
         <marc:subfield code="0">http://id.loc.gov/authorities/subjects/sh85089976</marc:subfield>
      </marc:datafield>
      <marc:datafield tag="653" ind1=" " ind2=" ">
         <marc:subfield code="a">Charenton (Hospital : Saint-Maurice,
         Val-de-Marne, France)FranceLouis XIV, King of France, 1638-1715Paris (France)</marc:subfield>
         <marc:subfield code="0">http://id.loc.gov/authorities/names/n92007259http://id.loc.gov/authorities/names/n79006404http://id.loc.gov/authorities/names/n80051801http://id.loc.gov/authorities/names/n79058874</marc:subfield>
      </marc:datafield>
      <marc:datafield tag="245" ind1="0" ind2="0">
         <marc:subfield code="a">France is dead: long live France.</marc:subfield>
         <marc:subfield code="b">Presented by National Educational Television ;
         producer-director, Paul Kaufman.</marc:subfield>
      </marc:datafield>
      <marc:datafield tag="246" ind1="3" ind2="3">
         <marc:subfield code="a">Long live France.</marc:subfield>
      </marc:datafield>
      <marc:datafield tag="246" ind1="3" ind2="3">
         <marc:subfield code="a">NET journal.</marc:subfield>
      </marc:datafield>
      <marc:datafield tag="246" ind1="3" ind2="3">
         <marc:subfield code="a">NET journal. France is dead: long
         live France.</marc:subfield>
      </marc:datafield>
      <marc:datafield tag="246" ind1="3" ind2="3">
         <marc:subfield code="a">NET journal. Long live
         France.</marc:subfield>
      </marc:datafield>
      <marc:datafield tag="655" ind1=" " ind2="0">
         <marc:subfield code="a">Documentary television programs
         (lcgft)</marc:subfield>
         <marc:subfield code="0">http://id.loc.gov/authorities/genreForms/gf2011026207</marc:subfield>
      </marc:datafield>
      <marc:datafield tag="655" ind1=" " ind2="0">
         <marc:subfield code="a">Nonfiction television programs
         (lcgft)</marc:subfield>
         <marc:subfield code="0">http://id.loc.gov/authorities/genreForms/gf2011026425</marc:subfield>
      </marc:datafield>
      <marc:datafield tag="655" ind1=" " ind2="0">
         <marc:subfield code="a">Travelogues (Television programs)
         (lcgft)</marc:subfield>
         <marc:subfield code="0">http://id.loc.gov/authorities/genreForms/gf2011026706</marc:subfield>
      </marc:datafield>
   </marc:record>