
   <marc:record>
      <marc:leader>      am         3u     </marc:leader>
      <marc:datafield tag="042" ind1=" " ind2=" ">
         <marc:subfield code="a">dc</marc:subfield>
      </marc:datafield>
      <marc:datafield tag="720" ind1=" " ind2=" ">
         <marc:subfield code="a">National Educational Television and Radio Center</marc:subfield>
         <marc:subfield code="e">Broadcaster</marc:subfield>
         <marc:subfield code="0">http://id.loc.gov/authorities/names/n80050382</marc:subfield>
      </marc:datafield>
      <marc:datafield tag="720" ind1=" " ind2=" ">
         <marc:subfield code="a">Prowitt, David</marc:subfield>
         <marc:subfield code="e">Interviewer</marc:subfield>
         <marc:subfield code="0">http://id.loc.gov/authorities/names/n83045960</marc:subfield>
      </marc:datafield>
      <marc:datafield tag="720" ind1=" " ind2=" ">
         <marc:subfield code="a">Schaefer, Earl S.</marc:subfield>
         <marc:subfield code="e">Interviewee</marc:subfield>
         <marc:subfield code="0">http://id.loc.gov/authorities/names/no00083908</marc:subfield>
      </marc:datafield>
      <marc:datafield tag="720" ind1=" " ind2=" ">
         <marc:subfield code="a">National Educational Television and Radio Center</marc:subfield>
         <marc:subfield code="e">Production Company</marc:subfield>
         <marc:subfield code="0">http://id.loc.gov/authorities/names/n80050382</marc:subfield>
      </marc:datafield>
      <marc:datafield tag="720" ind1=" " ind2=" ">
         <marc:subfield code="a">British Broadcasting Corporation</marc:subfield>
         <marc:subfield code="e">Production Company</marc:subfield>
         <marc:subfield code="0">http://id.loc.gov/authorities/names/n79074359</marc:subfield>
      </marc:datafield>
      <marc:datafield tag="720" ind1=" " ind2=" ">
         <marc:subfield code="a">O'Grady, John T.</marc:subfield>
         <marc:subfield code="e">Producer</marc:subfield>
      </marc:datafield>
      <marc:datafield tag="720" ind1=" " ind2=" ">
         <marc:subfield code="a">Wiegal, Michael</marc:subfield>
         <marc:subfield code="e">Producer</marc:subfield>
      </marc:datafield>
      <marc:datafield tag="260" ind1=" " ind2=" ">
         <marc:subfield code="c">1970-3-9</marc:subfield>
      </marc:datafield>
      <marc:datafield tag="520" ind1=" " ind2=" ">
         <marc:subfield code="a">From NET microfiche: Program Description #1: Girls are better behaved than
         boys but they're not likely to be as good at mathematics. Girls are more creative than boys
         but they're also more prone to tummy aches, insomnia, and poor appetite. More girls suck
         their thumbs and bite their nails and in general they show more fidgety nervous behavior.
         Such broad statements, which might infuriate those who question basic differences in the
         psychological makeup of the sexes, are among the findings of a British study of the
         children of one generation that may prove or disprove some of the basic theories of Sigmund
         Freud. The mechanics of this ambitious national experiment are show on "NET Journal -
         Freud: Man and His Mind." Utilizing not only computes but the broad application of the
         National Health Plan, British psychologists are working with various samples - one ten
         times the size of the average public opinion poll sample. The program shows the
         psychological tests, games, and dramas in which the children are observed. Their anxieties,
         dreams and fantasies during early childhood are explored with particular attention to
         Freud's assertion that the child is psychologically the "father of the man." In addition to
         studying what are generally regarded as neuroses, the psychologists get intensive
         information on such common aberrations as left-handedness and bed-wetting. The doctors
         involved in the study believe they are developing clues to things which may not make the
         most satisfactory baby but will insure the child of a happier adult life. An American child
         development psychologist, Dr. Earl Shaeffer of the National Institute of Mental Health, is
         interviewed by NET correspondent David Prowitt on the applicability of the British
         experiment to the US youth. Among Dr. Shaeffer's theories: women are as intelligent as men
         but social factors cause them to lose interest in intellectual attainment at a certain age
         in order to pursue wholly social goals. "Freud: Man and His Mind" is a joint NET-BBC
         production, with Michael Wiegal producing for BBC and Jack O'Grady producing for NET.
         Program Description #2: Freudians and non-Freudians alike agree on the vital role of
         infancy as a platform for later personality development. In the past researchers have
         relied on studying adult personalities or treating adult disturbances by probing the
         patient's childhood through such techniques as psycho analysis - Freud's method of having a
         patient relive his childhood and face the worst in himself over and over again. But this
         type of analysis has not curbed adult mental illness, and so, in answer to the plea of
         prevention, Great Britain has undertaken as part of is National Health Plan a unique
         project to establish the link between the experiences of childhood and later life by
         seeking out the correlations on a national scale. There have been several extensive studies
         attempting a universal analysis of England's eight million school children. One is
         currently documenting the moods and acts of a sample of 16,000 children born the first week
         of March 1958. Another documents the emotional experiences of a sample of children born in
         a square mile of Bloomsbury, England, 15 years ago. Still a third - the world's
         longest-lasting national survey - involves five thousand "war babies" born in the same week
         all over Britain. Tests, games, and dramas which reveal the child's innermost anxieties and
         fantasies are shown being used as part of the experiments. British psychologists discuss
         some of their preliminary findings and show some of the subjects involved in the surveys.
         In addition to the British material, prepared by the BBC, there are segments prepared by
         NET producer Jack O'Grady and correspondent David Prowitt. Prowitt talks to Dr. Earl
         Shaeffer, a child development psychologist with the US National Institute of Mental Health,
         who questions whether the British study can be fairly applied to American children, whether
         Freud's theories are likely to be proven by the study, and the reason behind Freud's belief
         in the basic psychological differences between the sexes. Suggested Newspaper Listing: NET
         Journal - Freud: Man and His Mind - Studies of British school children linking the
         experiences of childhood to with later patterns, as a test of Freud's assertion that the
         child is psychologically the "father of the man." NET Journal - Freud: Man and His Mind is
         a joint NET-BBC production. BBC producer: Michael Wiegal NET producer: Jack O'Grady NET
         correspondent: David Prowitt</marc:subfield>
      </marc:datafield>
      <marc:datafield tag="024" ind1="8" ind2=" ">
         <marc:subfield code="a">2333368</marc:subfield>
         <marc:subfield code="2">MAVIS Title Number</marc:subfield>
      </marc:datafield>
      <marc:datafield tag="024" ind1="8" ind2=" ">
         <marc:subfield code="a">267</marc:subfield>
         <marc:subfield code="2">Episode Number</marc:subfield>
      </marc:datafield>
      <marc:datafield tag="653" ind1=" " ind2=" ">
         <marc:subfield code="a">Child psychology</marc:subfield>
         <marc:subfield code="0">http://id.loc.gov/authorities/subjects/sh85023380</marc:subfield>
      </marc:datafield>
      <marc:datafield tag="653" ind1=" " ind2=" ">
         <marc:subfield code="a">Freud, Sigmund, 1856-1939</marc:subfield>
         <marc:subfield code="0">http://id.loc.gov/authorities/names/n79043849</marc:subfield>
      </marc:datafield>
      <marc:datafield tag="245" ind1="0" ind2="0">
         <marc:subfield code="a">Freud: man and his mind.</marc:subfield>
         <marc:subfield code="b">National Educational Television and BBC ;
         producers, Michael Wiegal and Jack O'Grady.</marc:subfield>
      </marc:datafield>
      <marc:datafield tag="246" ind1="3" ind2="3">
         <marc:subfield code="a">NET journal. Man and his
         mind.</marc:subfield>
      </marc:datafield>
      <marc:datafield tag="246" ind1="3" ind2="3">
         <marc:subfield code="a">Man and his mind.</marc:subfield>
      </marc:datafield>
      <marc:datafield tag="246" ind1="3" ind2="3">
         <marc:subfield code="a">NET journal.</marc:subfield>
      </marc:datafield>
      <marc:datafield tag="246" ind1="3" ind2="3">
         <marc:subfield code="a">NET journal. Freud: man and his
         mind.</marc:subfield>
      </marc:datafield>
      <marc:datafield tag="246" ind1="3" ind2="3">
         <marc:subfield code="a">NET journal.
         [No. 267], Freud: man and his mind.</marc:subfield>
      </marc:datafield>
      <marc:datafield tag="655" ind1=" " ind2="0">
         <marc:subfield code="a">Documentary television programs
         (lcgft)</marc:subfield>
         <marc:subfield code="0">http://id.loc.gov/authorities/genreForms/gf2011026207</marc:subfield>
      </marc:datafield>
      <marc:datafield tag="655" ind1=" " ind2="0">
         <marc:subfield code="a">Nonfiction television programs
         (lcgft)</marc:subfield>
         <marc:subfield code="0">http://id.loc.gov/authorities/genreForms/gf2011026425</marc:subfield>
      </marc:datafield>
      <marc:datafield tag="655" ind1=" " ind2="0">
         <marc:subfield code="a">Science television programs
         (lcgft)</marc:subfield>
         <marc:subfield code="0">http://id.loc.gov/authorities/genreForms/gf2011026561</marc:subfield>
      </marc:datafield>
   </marc:record>