
   <marc:record>
      <marc:leader>      am         3u     </marc:leader>
      <marc:datafield tag="042" ind1=" " ind2=" ">
         <marc:subfield code="a">dc</marc:subfield>
      </marc:datafield>
      <marc:datafield tag="720" ind1=" " ind2=" ">
         <marc:subfield code="a">National Educational Television and Radio Center</marc:subfield>
         <marc:subfield code="e">Broadcaster</marc:subfield>
         <marc:subfield code="0">http://id.loc.gov/authorities/names/n80050382</marc:subfield>
      </marc:datafield>
      <marc:datafield tag="720" ind1=" " ind2=" ">
         <marc:subfield code="a">Wallace, George C.</marc:subfield>
         <marc:subfield code="e">Interviewee</marc:subfield>
         <marc:subfield code="0">http://id.loc.gov/authorities/names/n82048664</marc:subfield>
      </marc:datafield>
      <marc:datafield tag="720" ind1=" " ind2=" ">
         <marc:subfield code="a">Niven,
         Paul</marc:subfield>
         <marc:subfield code="e">Interviewer</marc:subfield>
         <marc:subfield code="0">http://id.loc.gov/authorities/names/no2005104450</marc:subfield>
      </marc:datafield>
      <marc:datafield tag="720" ind1=" " ind2=" ">
         <marc:subfield code="a">National Educational Television and Radio Center</marc:subfield>
         <marc:subfield code="e">Production Company</marc:subfield>
         <marc:subfield code="0">http://id.loc.gov/authorities/names/n80050382</marc:subfield>
      </marc:datafield>
      <marc:datafield tag="720" ind1=" " ind2=" ">
         <marc:subfield code="a">Karayn,
         Jim</marc:subfield>
         <marc:subfield code="e">Producer</marc:subfield>
         <marc:subfield code="0">http://id.loc.gov/authorities/names/no99034842</marc:subfield>
      </marc:datafield>
      <marc:datafield tag="720" ind1=" " ind2=" ">
         <marc:subfield code="a">Alabama Public Television</marc:subfield>
         <marc:subfield code="e">Production Company</marc:subfield>
         <marc:subfield code="0">http://id.loc.gov/authorities/names/no99036365</marc:subfield>
      </marc:datafield>
      <marc:datafield tag="260" ind1=" " ind2=" ">
         <marc:subfield code="c">1968-8-12</marc:subfield>
      </marc:datafield>
      <marc:datafield tag="520" ind1=" " ind2=" ">
         <marc:subfield code="a">From NET microfiche: In this interview with NET correspondent Paul Niven,
         George Wallace elaborates on the growth and structure of his movement. He indicates that it
         is "more than a Wallace movement" and that it will definitely survive the present
         elections. In fact, "our party movement is so strong it'll submerge a major party in the
         next two to four years," Wallace predicts. His party's convention will be held sometime
         next month, with critics from New York to St. Petersburg, FL, under consideration. It is
         likely, says Wallace that his vice-presidential nominee will not be a Southerner - but
         issues, rather than geography, will determine his choice. He praised former Secretary of
         Agriculture Ezra Taft Benson, but refuses to designate him as the probable choice as
         running mate. He asserts that he will be the next President, and that he will win a
         majority of the electoral vote. In his behalf, he cites "every radio poll I've ever heard
         of" and the enthusiastic crowds he has drawn in such states as Pennsylvania, Massachusetts,
         and California. Wallace rejects the idea of "making a deal" for a government position in
         return for his support of another candidate if the election is forced into the House of
         Representatives. He calls such a prospect "degrading and undignified." He denies that he is
         a racist, and he explains that he is opposed to government intervention since "they've used
         race as a lever of compulsion." He admits that he would repeal the Voting Rights Bill. "I
         wouldn't let an illiterate vote in the South when he can't vote in New York." If elected
         President, he will "reappraise the oil-depletion allowance" and consider legislative action
         against "multi-billion-dollar tax-exempt foundations." He would scrap almost all poverty
         programs, revise the welfare system which now "pays able-bodied people not to work." He
         would institute re-training programs through the cities and states to help ghetto
         residents, and he would provide tax incentives for companies that build in rural areas
         rather than further clogging the cities. He scorns the stance of the two parties on such
         issues as law and order and de-centralization, since both parties have contributed to "the
         destruction of property rights and the public school system and the complete takeover of
         public institutions."</marc:subfield>
      </marc:datafield>
      <marc:datafield tag="337" ind1=" " ind2=" ">
         <marc:subfield code="a">Moving Image</marc:subfield>
         <marc:subfield code="2">MAVIS media type controlled vocabulary</marc:subfield>
      </marc:datafield>
      <marc:datafield tag="024" ind1="8" ind2=" ">
         <marc:subfield code="a">2354394</marc:subfield>
         <marc:subfield code="2">MAVIS Title Number</marc:subfield>
      </marc:datafield>
      <marc:datafield tag="024" ind1="8" ind2=" ">
         <marc:subfield code="a">GWAL</marc:subfield>
         <marc:subfield code="2">NET/PBS NOLA</marc:subfield>
      </marc:datafield>
      <marc:datafield tag="024" ind1="8" ind2=" ">
         <marc:subfield code="a">0</marc:subfield>
         <marc:subfield code="2">NET/PBS number</marc:subfield>
      </marc:datafield>
      <marc:datafield tag="546" ind1=" " ind2=" ">
         <marc:subfield code="a">English</marc:subfield>
      </marc:datafield>
      <marc:datafield tag="653" ind1=" " ind2=" ">
         <marc:subfield code="a">Presidents--United
         States--Election--1968</marc:subfield>
         <marc:subfield code="0">http://id.loc.gov/authorities/subjects/sh2008109960</marc:subfield>
      </marc:datafield>
      <marc:datafield tag="653" ind1=" " ind2=" ">
         <marc:subfield code="a">Southern States--Politics and
         government--1951-</marc:subfield>
         <marc:subfield code="0">http://id.loc.gov/authorities/subjects/sh85125659</marc:subfield>
      </marc:datafield>
      <marc:datafield tag="653" ind1=" " ind2=" ">
         <marc:subfield code="a">Wallace, George C.</marc:subfield>
         <marc:subfield code="0">http://id.loc.gov/authorities/names/n82048664</marc:subfield>
      </marc:datafield>
      <marc:datafield tag="245" ind1="0" ind2="0">
         <marc:subfield code="a">George Wallace on his politics and the
         Presidency.</marc:subfield>
         <marc:subfield code="b">APT (Alabama PTV), National Educational
         Television ; producer, Jim Karayn.</marc:subfield>
      </marc:datafield>
      <marc:datafield tag="246" ind1="3" ind2="3">
         <marc:subfield code="a">George Wallace and the
         Presidency.</marc:subfield>
      </marc:datafield>
      <marc:datafield tag="246" ind1="3" ind2="3">
         <marc:subfield code="a">NET journal. George Wallace on his politics and the
         Presidency.</marc:subfield>
      </marc:datafield>
      <marc:datafield tag="655" ind1=" " ind2="0">
         <marc:subfield code="a">Nonfiction television programs
         (lcgft)</marc:subfield>
         <marc:subfield code="0">http://id.loc.gov/authorities/genreForms/gf2011026425</marc:subfield>
      </marc:datafield>
      <marc:datafield tag="655" ind1=" " ind2="0">
         <marc:subfield code="a">Public affairs television programs
         (lcgft)</marc:subfield>
         <marc:subfield code="0">http://id.loc.gov/authorities/genreForms/gf2011026476</marc:subfield>
      </marc:datafield>
      <marc:datafield tag="655" ind1=" " ind2="0">
         <marc:subfield code="a">Television interviews
         (lcgft)</marc:subfield>
         <marc:subfield code="0">http://id.loc.gov/authorities/genreForms/gf2011026662\n</marc:subfield>
      </marc:datafield>
   </marc:record>