
   <marc:record>
      <marc:leader>      am         3u     </marc:leader>
      <marc:datafield tag="042" ind1=" " ind2=" ">
         <marc:subfield code="a">dc</marc:subfield>
      </marc:datafield>
      <marc:datafield tag="720" ind1=" " ind2=" ">
         <marc:subfield code="a">National Educational Television and Radio Center</marc:subfield>
         <marc:subfield code="e">Broadcaster</marc:subfield>
         <marc:subfield code="0">http://id.loc.gov/authorities/names/n80050382</marc:subfield>
      </marc:datafield>
      <marc:datafield tag="720" ind1=" " ind2=" ">
         <marc:subfield code="a">Kirst, Hans Helmut</marc:subfield>
         <marc:subfield code="e">Interviewee</marc:subfield>
      </marc:datafield>
      <marc:datafield tag="720" ind1=" " ind2=" ">
         <marc:subfield code="a">Rose,
         Oscar</marc:subfield>
         <marc:subfield code="e">Narrator</marc:subfield>
         <marc:subfield code="0">http://id.loc.gov/authorities/names/no00007819</marc:subfield>
      </marc:datafield>
      <marc:datafield tag="720" ind1=" " ind2=" ">
         <marc:subfield code="a">Thadden, Adolf von</marc:subfield>
         <marc:subfield code="e">Interviewee</marc:subfield>
         <marc:subfield code="0">http://id.loc.gov/authorities/names/n83033083</marc:subfield>
      </marc:datafield>
      <marc:datafield tag="720" ind1=" " ind2=" ">
         <marc:subfield code="a">Geissler, Christian</marc:subfield>
         <marc:subfield code="e">Interviewee</marc:subfield>
         <marc:subfield code="0">http://id.loc.gov/authorities/names/n84194764</marc:subfield>
      </marc:datafield>
      <marc:datafield tag="720" ind1=" " ind2=" ">
         <marc:subfield code="a">Ahlers, Conrad</marc:subfield>
         <marc:subfield code="e">Interviewee</marc:subfield>
         <marc:subfield code="0">http://id.loc.gov/authorities/names/n82101830</marc:subfield>
      </marc:datafield>
      <marc:datafield tag="720" ind1=" " ind2=" ">
         <marc:subfield code="a">Hamburger, Arno</marc:subfield>
         <marc:subfield code="e">Interviewee</marc:subfield>
      </marc:datafield>
      <marc:datafield tag="720" ind1=" " ind2=" ">
         <marc:subfield code="a">Zegart,
         Arthur</marc:subfield>
         <marc:subfield code="e">Writer</marc:subfield>
         <marc:subfield code="0">http://id.loc.gov/authorities/names/n87914358</marc:subfield>
      </marc:datafield>
      <marc:datafield tag="720" ind1=" " ind2=" ">
         <marc:subfield code="a">Zegart,
         Arthur</marc:subfield>
         <marc:subfield code="e">Director</marc:subfield>
         <marc:subfield code="0">http://id.loc.gov/authorities/names/n87914358</marc:subfield>
      </marc:datafield>
      <marc:datafield tag="720" ind1=" " ind2=" ">
         <marc:subfield code="a">National Educational Television and Radio Center</marc:subfield>
         <marc:subfield code="e">Production Company</marc:subfield>
         <marc:subfield code="0">http://id.loc.gov/authorities/names/n80050382</marc:subfield>
      </marc:datafield>
      <marc:datafield tag="720" ind1=" " ind2=" ">
         <marc:subfield code="a">McGhee, Peter</marc:subfield>
         <marc:subfield code="e">Producer</marc:subfield>
      </marc:datafield>
      <marc:datafield tag="260" ind1=" " ind2=" ">
         <marc:subfield code="c">1967-4-24</marc:subfield>
      </marc:datafield>
      <marc:datafield tag="520" ind1=" " ind2=" ">
         <marc:subfield code="a">From NET microfiche: This program is a penetrating report on the "new
         nationalism" - a German movement with heavy overtones of the old Nazism. Filmed throughout
         Germany, from Hamburg to Nuremberg, the program features interviews with leading German
         writers and journalists - several of whom describe the threat of neo-Nazism.
         Producer-reporter Arthur Zegart also interviews Adolf von Thadden, vice-chairman of the
         neo-Nazi National Democratic Party (NPD) which gained considerable support in recent
         Bavarian elections. In addition, German Jews explain why they have chosen - for personal or
         religious reasons - to remain in the country. Interviewed in Landsberg, where Hitler wrote
         "Mein Kampf," von Thadden contends that the NPD is not a dangerously rightist movement.
         Rather, he characterizes it as a symptom of the country's "normalizing" trend, which calls
         for "a party of the right." He adds, "You must have good patriotism in your country and we
         think at the moment there's not enough." Noted writer Hans Helmut Kirst states: "The most
         remarkable thing about this new Nazi party - and I use the word Nazi advisedly - is that it
         attracts people who have no idea of what Nazism is, people who were not even born and had
         nothing to do with that period, yet who speak, think and act like real Nazi's." Kirst warns
         that this group is growing and "will continue to increase." Germans, on the whole, do not
         consider the Hitler period as unsuccessful, says Conrad Ahlers, deputy press chief for the
         German government. In fact, German democracy would face "tremendous difficulties and
         tremendous dangers" if the country were faced with an economic crisis comparable to that of
         the early 1930's. Ahlers notes also that a movement similar to the Hitler youth would
         attract young Germans since it appeals to the "young life" and "idealism." An "enormous
         number of former leading Nazis" presently hold official positions in the German government,
         according to Gert Paczensky, editor of Panorama magazine. Paczensky notes that this fact
         usually goes unmentioned, since the press commonly takes the government position. The fate
         of today's Jewish population (less than 30,000 out of an original 600,000) is considered in
         three episodes - one involving Professor Horowitz, a Jew who teaches biblical languages at
         the University of Bonn. Interviewed in a Bonn Synagogue, where services are often cancelled
         for want of the necessary ten worshiping males, Professor Horowitz tells how he returned to
         the country to teach the young people. In a second sequence, Arno Hamburger, a Nuremberg
         Jew, refutes the anti-Semitism of audience members during a discussion group in a
         Protestant church. The film ends at the school attended by Hamburger's son - an arena for
         the values of the new Germany. Also interviewed on the program are Count Klaus Dohnanyi, a
         businessman whose father was killed in an anti-Hitler plot; Count Schweinitz, head of the
         North American desk of the government's press and information bureau; German writer
         Christian Geissler; and young Germans in cafes and at a demonstration protesting proposed
         government restrictions. Suggested Newspaper Listing A report on neo-Nazism throughout
         Germany, featuring interviews with Adolf von Thadden, vice-chairman of the National
         Democratic Party; writers Hans Helmut Kirst and Christian Geissler; controversial
         journalist Conrad Ahlers; and some of Germany's remaining Jews. Narrator: Oscar
         Rose</marc:subfield>
      </marc:datafield>
      <marc:datafield tag="337" ind1=" " ind2=" ">
         <marc:subfield code="a">Moving Image</marc:subfield>
         <marc:subfield code="2">MAVIS media type controlled vocabulary</marc:subfield>
      </marc:datafield>
      <marc:datafield tag="024" ind1="8" ind2=" ">
         <marc:subfield code="a">2331753</marc:subfield>
         <marc:subfield code="2">MAVIS Title Number</marc:subfield>
      </marc:datafield>
      <marc:datafield tag="024" ind1="8" ind2=" ">
         <marc:subfield code="a">GISW</marc:subfield>
         <marc:subfield code="2">NET/PBS NOLA</marc:subfield>
      </marc:datafield>
      <marc:datafield tag="024" ind1="8" ind2=" ">
         <marc:subfield code="a">1</marc:subfield>
         <marc:subfield code="2">NET/PBS number</marc:subfield>
      </marc:datafield>
      <marc:datafield tag="546" ind1=" " ind2=" ">
         <marc:subfield code="a">English</marc:subfield>
      </marc:datafield>
      <marc:datafield tag="653" ind1=" " ind2=" ">
         <marc:subfield code="a">Nazis</marc:subfield>
         <marc:subfield code="0">http://id.loc.gov/authorities/subjects/sh85090140</marc:subfield>
      </marc:datafield>
      <marc:datafield tag="653" ind1=" " ind2=" ">
         <marc:subfield code="a">Neo-Nazism</marc:subfield>
         <marc:subfield code="0">http://id.loc.gov/authorities/subjects/sh96003332</marc:subfield>
      </marc:datafield>
      <marc:datafield tag="653" ind1=" " ind2=" ">
         <marc:subfield code="a">Jews, German</marc:subfield>
         <marc:subfield code="0">http://id.loc.gov/authorities/subjects/sh85070494</marc:subfield>
      </marc:datafield>
      <marc:datafield tag="653" ind1=" " ind2=" ">
         <marc:subfield code="a">Germany</marc:subfield>
         <marc:subfield code="0">http://id.loc.gov/authorities/names/n80125931</marc:subfield>
      </marc:datafield>
      <marc:datafield tag="245" ind1="0" ind2="0">
         <marc:subfield code="a">Germany and its shadow.</marc:subfield>
         <marc:subfield code="b">NET ; associate producer, Peter McGhee ;
         director-writer, Arthur Zegart.</marc:subfield>
      </marc:datafield>
      <marc:datafield tag="246" ind1="3" ind2="3">
         <marc:subfield code="a">NET journal. Germany and
         its shadow.</marc:subfield>
      </marc:datafield>
      <marc:datafield tag="246" ind1="3" ind2="3">
         <marc:subfield code="a">Intertel. Germany and its
         shadow.</marc:subfield>
      </marc:datafield>
      <marc:datafield tag="246" ind1="3" ind2="3">
         <marc:subfield code="a">[Germany's shadow].</marc:subfield>
      </marc:datafield>
      <marc:datafield tag="246" ind1="3" ind2="3">
         <marc:subfield code="a">Germany and its shadow. (NET
         journal/Intertel).</marc:subfield>
      </marc:datafield>
      <marc:datafield tag="655" ind1=" " ind2="0">
         <marc:subfield code="a">Documentary television programs
         (lcgft)</marc:subfield>
         <marc:subfield code="0">http://id.loc.gov/authorities/genreForms/gf2011026207</marc:subfield>
      </marc:datafield>
      <marc:datafield tag="655" ind1=" " ind2="0">
         <marc:subfield code="a">Nonfiction television programs
         (lcgft)</marc:subfield>
         <marc:subfield code="0">http://id.loc.gov/authorities/genreForms/gf2011026425</marc:subfield>
      </marc:datafield>
      <marc:datafield tag="655" ind1=" " ind2="0">
         <marc:subfield code="a">Television interviews
         (lcgft)</marc:subfield>
         <marc:subfield code="0">http://id.loc.gov/authorities/genreForms/gf2011026662\n</marc:subfield>
      </marc:datafield>
   </marc:record>