
   <marc:record>
      <marc:leader>      am         3u     </marc:leader>
      <marc:datafield tag="042" ind1=" " ind2=" ">
         <marc:subfield code="a">dc</marc:subfield>
      </marc:datafield>
      <marc:datafield tag="720" ind1=" " ind2=" ">
         <marc:subfield code="a">National Educational Television and Radio Center</marc:subfield>
         <marc:subfield code="e">Broadcaster</marc:subfield>
         <marc:subfield code="0">http://id.loc.gov/authorities/names/n80050382</marc:subfield>
      </marc:datafield>
      <marc:datafield tag="720" ind1=" " ind2=" ">
         <marc:subfield code="a">Jooss, Kurt</marc:subfield>
         <marc:subfield code="e">Choreographer</marc:subfield>
         <marc:subfield code="0">http://id.loc.gov/authorities/names/n79065883</marc:subfield>
      </marc:datafield>
      <marc:datafield tag="720" ind1=" " ind2=" ">
         <marc:subfield code="a">Bausch,
         Pina</marc:subfield>
         <marc:subfield code="e">Dancer</marc:subfield>
         <marc:subfield code="0">http://id.loc.gov/authorities/names/n80001908</marc:subfield>
      </marc:datafield>
      <marc:datafield tag="720" ind1=" " ind2=" ">
         <marc:subfield code="a">British Broadcasting Corporation</marc:subfield>
         <marc:subfield code="e">Production Company</marc:subfield>
         <marc:subfield code="0">http://id.loc.gov/authorities/names/n79074359</marc:subfield>
      </marc:datafield>
      <marc:datafield tag="720" ind1=" " ind2=" ">
         <marc:subfield code="a">Cohen,
         Frederic A.</marc:subfield>
         <marc:subfield code="e">Music Composer</marc:subfield>
         <marc:subfield code="0">http://id.loc.gov/authorities/names/n97872224</marc:subfield>
      </marc:datafield>
      <marc:datafield tag="260" ind1=" " ind2=" ">
         <marc:subfield code="c">1960 to 1969</marc:subfield>
      </marc:datafield>
      <marc:datafield tag="520" ind1=" " ind2=" ">
         <marc:subfield code="a">The Green Table is a ballet by the German choreographer Kurt Jooss and his
         most popular work, depicting the futility of peace negotiations of the 1930s. It was the
         first work to be fully notated using kinetography Laban (Labanotation). It was first
         performed in 1932. Lasting about 30 minutes and subtitled "A dance of death in eight
         scenes," The Green Table is a commentary on the futility of war and the horrors it causes.
         It opens with a group of diplomats (the Gentlemen in Black) having a discussion around a
         rectangular table covered with a green cloth. They end up pulling guns from their pockets
         and shooting in the air, thus symbolizing the declaration of war. The next six scenes
         portray different aspects of wartime: the separation from loved ones in The Farewells, war
         itself in The Battle and The Partisan, loneliness and misery in The Refugees, the emotional
         void and the atmosphere of forced entertainment in The Brothel and, finally, the
         psychologically beaten and wounded survivors in The Aftermath. The ballet then ends as it
         began, with the "Gentlemen in Black" around the green table. Throughout these episodes the
         figure of Death is triumphant, portrayed as a skeleton moving in a forceful and robot-like
         way, relentlessly claiming its victims. The dance ends with a repeat of the opening scene,
         a device the choreographer uses to show his mistrust in the talks of the diplomats;
         completely indifferent to the ravages of war, they continue their hypocritical
         negotiations. (Summary from Wikipedia Web site, viewed March 16, 2015)</marc:subfield>
      </marc:datafield>
      <marc:datafield tag="337" ind1=" " ind2=" ">
         <marc:subfield code="a">Moving Image</marc:subfield>
         <marc:subfield code="2">MAVIS media type controlled vocabulary</marc:subfield>
      </marc:datafield>
      <marc:datafield tag="024" ind1="8" ind2=" ">
         <marc:subfield code="a">2080443</marc:subfield>
         <marc:subfield code="2">MAVIS Title Number</marc:subfield>
      </marc:datafield>
      <marc:datafield tag="024" ind1="8" ind2=" ">
         <marc:subfield code="a">NPGT</marc:subfield>
         <marc:subfield code="2">NET/PBS NOLA</marc:subfield>
      </marc:datafield>
      <marc:datafield tag="024" ind1="8" ind2=" ">
         <marc:subfield code="a">0</marc:subfield>
         <marc:subfield code="2">NET/PBS number</marc:subfield>
      </marc:datafield>
      <marc:datafield tag="546" ind1=" " ind2=" ">
         <marc:subfield code="a">English</marc:subfield>
      </marc:datafield>
      <marc:datafield tag="245" ind1="0" ind2="0">
         <marc:subfield code="a">The green table : A dance of death in eight
         scenes.</marc:subfield>
         <marc:subfield code="b">BBC-TV; a dance drama [choreographed] by Kurt
         Jooss; music by F. A. Cohen; performed by the Folkwang Ballet; produced and directed by
         Peter Wright.</marc:subfield>
      </marc:datafield>
      <marc:datafield tag="246" ind1="3" ind2="3">
         <marc:subfield code="a">A dance of death in eight
         scenes.</marc:subfield>
      </marc:datafield>
      <marc:datafield tag="246" ind1="3" ind2="3">
         <marc:subfield code="a">NET playhouse.
         The green table : A dance of death in eight scenes.</marc:subfield>
      </marc:datafield>
      <marc:datafield tag="246" ind1="3" ind2="3">
         <marc:subfield code="a">Green table.</marc:subfield>
      </marc:datafield>
      <marc:datafield tag="655" ind1=" " ind2="0">
         <marc:subfield code="a">Dance television programs
         (lcgft)</marc:subfield>
         <marc:subfield code="0">http://id.loc.gov/authorities/genreForms/gf2011026189</marc:subfield>
      </marc:datafield>
      <marc:datafield tag="655" ind1=" " ind2="0">
         <marc:subfield code="a">Television programs (lcgft)</marc:subfield>
         <marc:subfield code="0">http://id.loc.gov/authorities/genreForms/gf2011026673</marc:subfield>
      </marc:datafield>
   </marc:record>