
   <marc:record>
      <marc:leader>      am         3u     </marc:leader>
      <marc:datafield tag="042" ind1=" " ind2=" ">
         <marc:subfield code="a">dc</marc:subfield>
      </marc:datafield>
      <marc:datafield tag="720" ind1=" " ind2=" ">
         <marc:subfield code="a">National Educational Television and Radio Center</marc:subfield>
         <marc:subfield code="e">Broadcaster</marc:subfield>
         <marc:subfield code="0">http://id.loc.gov/authorities/names/n80050382</marc:subfield>
      </marc:datafield>
      <marc:datafield tag="720" ind1=" " ind2=" ">
         <marc:subfield code="a">Clark,
         Kenneth Bancroft</marc:subfield>
         <marc:subfield code="e">Appearing</marc:subfield>
         <marc:subfield code="0">http://id.loc.gov/authorities/names/n50038687</marc:subfield>
      </marc:datafield>
      <marc:datafield tag="720" ind1=" " ind2=" ">
         <marc:subfield code="a">Giffard, Ellen</marc:subfield>
         <marc:subfield code="e">Editor</marc:subfield>
      </marc:datafield>
      <marc:datafield tag="720" ind1=" " ind2=" ">
         <marc:subfield code="a">Giffard Associates</marc:subfield>
         <marc:subfield code="e">Undetermined</marc:subfield>
      </marc:datafield>
      <marc:datafield tag="720" ind1=" " ind2=" ">
         <marc:subfield code="a">McCarthy, Harry</marc:subfield>
         <marc:subfield code="e">Executive Producer</marc:subfield>
      </marc:datafield>
      <marc:datafield tag="720" ind1=" " ind2=" ">
         <marc:subfield code="a">Giffard, Adam</marc:subfield>
         <marc:subfield code="e">Producer</marc:subfield>
      </marc:datafield>
      <marc:datafield tag="260" ind1=" " ind2=" ">
         <marc:subfield code="c">1966-12-26</marc:subfield>
      </marc:datafield>
      <marc:datafield tag="520" ind1=" " ind2=" ">
         <marc:subfield code="a">From NET microfiche: Program Description: The documentary focuses on the
         controversial Head Start program in Mississippi, which is under the auspices of the Child
         Development Group of Mississippi. There are scenes showing the operation of Project Head
         Start schools (which are open to pre-kindergarten youth), interviews with the Negroes who
         run them, and a detailed story - through interviews and meetings - of the controversy. (At
         present, CDGM is running the program, though funds have been suspended by Sargent Shriver,
         head of the Office of Economic Opportunity. OEO has claimed malpractice - nepotism,
         payroll-padding, and bad accounting. Other informed sources contend that the "white power
         structure" has a political motive here.) Operation Headstart in Mississippi employs not the
         usual poverty program techniques, but rather an idealization of the war on poverty, in that
         it employs the people themselves as teachers and leaders. The beneficiaries, therefore, are
         not only the pre-school children who attend headstart schools, but also their parents who
         gain a sense of identity. However, it is this very program that has become the subject of
         controversy, with the Office of Economic Opportunity stopping funds to the Child
         Development group of Mississippi as a result of "misuse of funds and some sloppiness in
         accounting." (The speaker is Jules Sugarman of the OEO.) As a result, an alternate plan has
         placed whites in charge, added a few Negroes to the board (disdainfully called "Toms" by
         the Mississippi Negroes who formerly led CDGM), cut funds in half, and directed the group
         to involve white children in Operation Headstart. Meanwhile, Dr. Kenneth Clark, educator
         and psychologist, has disputed the OEO charges, pointing out that "white children were not
         excluded," but remained away by choice - as they have in all parts of the country, through
         the poverty program is not exclusively a Negro program. "One can almost gauge the success
         of a program by the extent of antagonism toward it," says Dr. Clark. He credits the CDGM
         staff with its singular success in "realistically, engagingly involving the people of
         Mississippi." The controversy is the most dramatic element in the film. Much of the film,
         however, is devoted to the actual workings of Operation Headstart in the Mississippi Delta
         town of Durant. It begins with the parents at work on construction of the school. After the
         forming of the state-wide CDGM for parents in 80 communities, teachers must be found. In
         the Durant Center, none of the full-time teachers is experience - the chairman, Hattie
         Saffold, formerly picked cotton and did housework. But her instinct helps her with the
         children. For her and for the children, "the excitement of discovery was contagious."
         Children, discovering building blocks, "raced through years of development . Before
         Headstart, playing house meant fooling with tin cans and corn cobs." The involvement soon
         spread to the home. "Community begins with a sense of identity, and then a respect for
         family, and a pride in the richness of the race," the program states. In the white
         community, another reaction set in. Once school was burned to the ground. Soon, "the
         burnings and shootings and harassment got worse," for "the experience (of CDGM) attacked
         the assumption of racists, who could not believe that Negroes were qualified citizens, and
         it undermined the interests of many gradualists, who still treated Negroes like children."
         The remainder of the film is taken up by the controversy, which is not sparking arguments
         of "deal-making" by the liberal press. The film is therefore effective in two areas: as a
         contemporary issue, and as an evocation of the program - the excitement of a child's
         discovery of modeling clay, the community of singing, the respect for an interested adult.
         NET JOURNAL - HEAD START IN MISSISSIPPI is a National Educational Television presentation.
         Producer is Adam Giffard of Gifford Associates. Editor is Ellen Giffard. Harry McCarthy of
         NET is executive producer. UPDATE On December 17, the Office of Economic Opportunity
         rescinded its attack on Child Development Group of Mississippi (CDGM) and authorized an $8
         million appropriation for the group's statewide Head Start program. This appropriation -
         less than one-half of the amount requested by CDGM - will limit Head Start to fewer
         counties than in 1965-1966. However, it does not clear the air of controversy. OEO
         previously demanded the removal of Rev. James McCree, chairman of CDGM's board of
         directors. Now it has decided to leave Mr. McCree's fate to an election by the board.
         Similarly, John H. Mudd, executive director, will be "reevaluated" at a later date. Despite
         the apparent whitewashing, many unanswered questions remain: Was the investigation
         justified? If so, what has CDGM done in recent weeks that would favorably alter its status?
         And, what truth is there to "deal making" claims by the liberal press? We recommend that
         you change paragraph two of your suggested release to read: The "NET Journal" program
         relates the circumstances affecting the Child Development Group of Mississippi . The
         remainder of the sentence can read as before. At the end of the paragraph two, the
         following statement should appear: Then, on December 17, OEO made a new grant of $8 million
         available to the Child Development Group. This figure contrasts with the $20 million needed
         for Head Start and will therefore limit its sphere of operation to certain counties of
         Mississippi. NET's Head Start in Mississippi" reviews the controversy - which is unresolved
         as yet.</marc:subfield>
      </marc:datafield>
      <marc:datafield tag="337" ind1=" " ind2=" ">
         <marc:subfield code="a">Moving Image</marc:subfield>
         <marc:subfield code="2">MAVIS media type controlled vocabulary</marc:subfield>
      </marc:datafield>
      <marc:datafield tag="024" ind1="8" ind2=" ">
         <marc:subfield code="a">829723</marc:subfield>
         <marc:subfield code="2">MAVIS Title Number</marc:subfield>
      </marc:datafield>
      <marc:datafield tag="024" ind1="8" ind2=" ">
         <marc:subfield code="a">HSMI</marc:subfield>
         <marc:subfield code="2">NET/PBS number</marc:subfield>
      </marc:datafield>
      <marc:datafield tag="024" ind1="8" ind2=" ">
         <marc:subfield code="a">1</marc:subfield>
         <marc:subfield code="2">NET/PBS number</marc:subfield>
      </marc:datafield>
      <marc:datafield tag="024" ind1="8" ind2=" ">
         <marc:subfield code="a">PA-276 (Series number)</marc:subfield>
         <marc:subfield code="2">Undetermined</marc:subfield>
      </marc:datafield>
      <marc:datafield tag="653" ind1=" " ind2=" ">
         <marc:subfield code="a">Head Start programs</marc:subfield>
         <marc:subfield code="0">http://id.loc.gov/authorities/subjects/sh87000100</marc:subfield>
      </marc:datafield>
      <marc:datafield tag="653" ind1=" " ind2=" ">
         <marc:subfield code="a">Mississippi--Race relations</marc:subfield>
         <marc:subfield code="0">http://id.loc.gov/authorities/subjects/sh2008115909</marc:subfield>
      </marc:datafield>
      <marc:datafield tag="653" ind1=" " ind2=" ">
         <marc:subfield code="a">Mississippi</marc:subfield>
         <marc:subfield code="0">http://id.loc.gov/authorities/names/n79138969</marc:subfield>
      </marc:datafield>
      <marc:datafield tag="245" ind1="0" ind2="0">
         <marc:subfield code="a">Head start in Mississippi.</marc:subfield>
         <marc:subfield code="b">National Educational Television presentation ;
         executive producer, Harry McCarthy ; producer, Adam Giffard.</marc:subfield>
      </marc:datafield>
      <marc:datafield tag="246" ind1="3" ind2="3">
         <marc:subfield code="a">Headstart in Mississippi</marc:subfield>
      </marc:datafield>
      <marc:datafield tag="246" ind1="3" ind2="3">
         <marc:subfield code="a">NET journal.
         Headstart in Mississippi.</marc:subfield>
      </marc:datafield>
      <marc:datafield tag="655" ind1=" " ind2="0">
         <marc:subfield code="a">Documentary television programs
         (lcgft)</marc:subfield>
         <marc:subfield code="0">http://id.loc.gov/authorities/genreForms/gf2011026207</marc:subfield>
      </marc:datafield>
      <marc:datafield tag="655" ind1=" " ind2="0">
         <marc:subfield code="a">Nonfiction television programs
         (lcgft)</marc:subfield>
         <marc:subfield code="0">http://id.loc.gov/authorities/genreForms/gf2011026425</marc:subfield>
      </marc:datafield>
      <marc:datafield tag="655" ind1=" " ind2="0">
         <marc:subfield code="a">Public affairs television programs
         (lcgft)</marc:subfield>
         <marc:subfield code="0">http://id.loc.gov/authorities/genreForms/gf2011026476</marc:subfield>
      </marc:datafield>
   </marc:record>