
   <marc:record>
      <marc:leader>      am         3u     </marc:leader>
      <marc:datafield tag="042" ind1=" " ind2=" ">
         <marc:subfield code="a">dc</marc:subfield>
      </marc:datafield>
      <marc:datafield tag="720" ind1=" " ind2=" ">
         <marc:subfield code="a">National Educational Television and Radio Center</marc:subfield>
         <marc:subfield code="e">Broadcaster</marc:subfield>
         <marc:subfield code="0">http://id.loc.gov/authorities/names/n80050382</marc:subfield>
      </marc:datafield>
      <marc:datafield tag="720" ind1=" " ind2=" ">
         <marc:subfield code="a">Brayne,
         William</marc:subfield>
         <marc:subfield code="e">Cameraman</marc:subfield>
         <marc:subfield code="0">http://id.loc.gov/authorities/names/no2013110402</marc:subfield>
      </marc:datafield>
      <marc:datafield tag="720" ind1=" " ind2=" ">
         <marc:subfield code="a">Wiseman,
         Frederick</marc:subfield>
         <marc:subfield code="e">Producer</marc:subfield>
         <marc:subfield code="0">http://id.loc.gov/authorities/names/n79007380</marc:subfield>
      </marc:datafield>
      <marc:datafield tag="720" ind1=" " ind2=" ">
         <marc:subfield code="a">Wiseman,
         Frederick</marc:subfield>
         <marc:subfield code="e">Director</marc:subfield>
         <marc:subfield code="0">http://id.loc.gov/authorities/names/n79007380</marc:subfield>
      </marc:datafield>
      <marc:datafield tag="260" ind1=" " ind2=" ">
         <marc:subfield code="c">1973-6-18</marc:subfield>
      </marc:datafield>
      <marc:datafield tag="260" ind1=" " ind2=" ">
         <marc:subfield code="c">1970-2-2</marc:subfield>
      </marc:datafield>
      <marc:datafield tag="520" ind1=" " ind2=" ">
         <marc:subfield code="a">From NET microfiche: Program Description: This film, shot entirely at
         Metropolitan Hospital in New York City, offers a cumulative impression of an institution
         and its problems, which often reflect the problems of a total community. There are no
         interviews and no narration; rather, the camera records - with unflinching detail - the
         daily life in a municipal hospital. " A boy who has taken mescaline cries that he is going
         to die, while doctors seek to purge him of the drug and to reassure him about his health; "
         A male homosexual who needs welfare is treated compassionately by a psychiatrist, who then
         meets with frustration as he attempts to deal with a welfare agency; " A woman dying of a
         heart attack is kept alive for a few weeks - or days - by an emergency treatment; " A small
         boy who has fallen from a third-story window must be sent home to his negligent family,
         though a nurse seeks a way of keeping him in the hospital until adequate care can be
         provided. These are the daily experiences of a hospital staff - the triumphs of
         professional knowledge and compassion, too often negated by the larger problems of a
         society. Sometimes these experiences become almost unbearably stark - as when a man with a
         knife wound must be treated, while his wife (herself covered with his blood) holds his
         hand. What emerges, however, is a totality of life within the city hospital, coping with
         lives in crisis though it is the "dumping ground" for patients without money or influence.
         Frederick Wiseman, who produced, directed, and edited the film, was an Emmy winner in 1969
         for "Law and Order&lt;' a documentary on the police in Kansas City which he filmed for PBL.
         His other credits include "The Titicut Follies," a film about a stage institution for the
         criminally insane at Bridgewater, Mass.; and "High School," about a middle class school in
         Philadelphia. NET Journal - "Hospital" was produced for NET by Frederick Wiseman, who also
         directed and edited the film. Cameraman: William Brayne.</marc:subfield>
      </marc:datafield>
      <marc:datafield tag="337" ind1=" " ind2=" ">
         <marc:subfield code="a">Moving Image</marc:subfield>
         <marc:subfield code="2">MAVIS media type controlled vocabulary</marc:subfield>
      </marc:datafield>
      <marc:datafield tag="024" ind1="8" ind2=" ">
         <marc:subfield code="a">2107341</marc:subfield>
         <marc:subfield code="2">MAVIS Title Number</marc:subfield>
      </marc:datafield>
      <marc:datafield tag="024" ind1="8" ind2=" ">
         <marc:subfield code="a">263 (NET microfiche)</marc:subfield>
         <marc:subfield code="2">NET/PBS number</marc:subfield>
      </marc:datafield>
      <marc:datafield tag="024" ind1="8" ind2=" ">
         <marc:subfield code="a">HOPL</marc:subfield>
         <marc:subfield code="2">NET/PBS NOLA</marc:subfield>
      </marc:datafield>
      <marc:datafield tag="024" ind1="8" ind2=" ">
         <marc:subfield code="a">0 (PBS-1994-Excel spreadsheet)</marc:subfield>
         <marc:subfield code="2">NET/PBS number</marc:subfield>
      </marc:datafield>
      <marc:datafield tag="546" ind1=" " ind2=" ">
         <marc:subfield code="a">English</marc:subfield>
      </marc:datafield>
      <marc:datafield tag="653" ind1=" " ind2=" ">
         <marc:subfield code="a">Hospitals</marc:subfield>
         <marc:subfield code="0">http://id.loc.gov/authorities/subjects/sh00006198</marc:subfield>
      </marc:datafield>
      <marc:datafield tag="245" ind1="0" ind2="0">
         <marc:subfield code="a">Hospital.</marc:subfield>
         <marc:subfield code="b">Produced [and directed] for NET by Frederick
         Wiseman.</marc:subfield>
      </marc:datafield>
      <marc:datafield tag="246" ind1="3" ind2="3">
         <marc:subfield code="a">NET journal.
         [No. 263], Hospital.</marc:subfield>
      </marc:datafield>
      <marc:datafield tag="246" ind1="3" ind2="3">
         <marc:subfield code="a">NET journal.
         Hospital.</marc:subfield>
      </marc:datafield>
      <marc:datafield tag="246" ind1="3" ind2="3">
         <marc:subfield code="a">Fred Wiseman festival. [No. 103],
         Hospital.</marc:subfield>
      </marc:datafield>
      <marc:datafield tag="655" ind1=" " ind2="0">
         <marc:subfield code="a">Documentary television programs
         (lcgft)</marc:subfield>
         <marc:subfield code="0">http://id.loc.gov/authorities/genreForms/gf2011026207</marc:subfield>
      </marc:datafield>
      <marc:datafield tag="655" ind1=" " ind2="0">
         <marc:subfield code="a">Nonfiction television programs
         (lcgft)</marc:subfield>
         <marc:subfield code="0">http://id.loc.gov/authorities/genreForms/gf2011026425</marc:subfield>
      </marc:datafield>
   </marc:record>