
   <marc:record>
      <marc:leader>      am         3u     </marc:leader>
      <marc:datafield tag="042" ind1=" " ind2=" ">
         <marc:subfield code="a">dc</marc:subfield>
      </marc:datafield>
      <marc:datafield tag="720" ind1=" " ind2=" ">
         <marc:subfield code="a">National Educational Television and Radio Center</marc:subfield>
         <marc:subfield code="e">Broadcaster</marc:subfield>
         <marc:subfield code="0">http://id.loc.gov/authorities/names/n80050382</marc:subfield>
      </marc:datafield>
      <marc:datafield tag="720" ind1=" " ind2=" ">
         <marc:subfield code="a">National
         Educational Television and Radio Center</marc:subfield>
         <marc:subfield code="e">Presenter</marc:subfield>
         <marc:subfield code="0">http://id.loc.gov/authorities/names/n80050382</marc:subfield>
      </marc:datafield>
      <marc:datafield tag="720" ind1=" " ind2=" ">
         <marc:subfield code="a">Herlinger, Paul</marc:subfield>
         <marc:subfield code="e">Narrator</marc:subfield>
         <marc:subfield code="0">http://id.loc.gov/authorities/names/n87127598</marc:subfield>
      </marc:datafield>
      <marc:datafield tag="720" ind1=" " ind2=" ">
         <marc:subfield code="a">King Screen Productions</marc:subfield>
         <marc:subfield code="e">Production Company</marc:subfield>
         <marc:subfield code="0">http://id.loc.gov/authorities/names/n50069704</marc:subfield>
      </marc:datafield>
      <marc:datafield tag="720" ind1=" " ind2=" ">
         <marc:subfield code="a">Harris, Mark J.</marc:subfield>
         <marc:subfield code="e">Producer</marc:subfield>
      </marc:datafield>
      <marc:datafield tag="720" ind1=" " ind2=" ">
         <marc:subfield code="a">Harris, Mark J.</marc:subfield>
         <marc:subfield code="e">Writer</marc:subfield>
      </marc:datafield>
      <marc:datafield tag="720" ind1=" " ind2=" ">
         <marc:subfield code="a">McGrew, Skeets</marc:subfield>
         <marc:subfield code="e">Director</marc:subfield>
      </marc:datafield>
      <marc:datafield tag="260" ind1=" " ind2=" ">
         <marc:subfield code="c">1968-2-12</marc:subfield>
      </marc:datafield>
      <marc:datafield tag="520" ind1=" " ind2=" ">
         <marc:subfield code="a">From NET microfiche: Program Description: "Huelga" (a Spanish word meaning
         "strike") documents the struggle for recognition - and survival - among Mexican and other
         migrant workers in Delano, Cal., in the San Joaquin Valley. The strike, which began in
         September 1965 against the area's 35 grape growers, has become "the longest, most important
         strike in agricultural history," with a few of the growers finally offering some
         compromises this year. The strike, however, goes on; its original demands basically
         unchanged - a minimum wage, unemployed compensation, the right of collective bargaining.
         The film, which has already won awards at three major festivals, has been described by
         Variety as "a very moving thing." Filmed in color, it follows the strike leaders from the
         genesis of the strike, depicting their efforts to enlist the workers' support, ranging
         their makeshift dwellings, and recording the arguments of both workers and farmers. Led by
         Caesar Chavez and Luis Valdez, the strikers continue their efforts to shut down the farms,
         exhorting workers through bullhorns and singing "We Shall Overcome." While the grape
         picking goes on. Then, on Christmas Eve, the strikers gain the support of students,
         unionists, and other sympathizers with their movement at a special rally during which
         "Silent Night" and "Solidarity Forever" are both songs of inspiration. One of the program's
         most poignant scenes involves a 38-year-old women who has just been fired after 24 years in
         the fields because she wouldn't sign an anti-union petition. Then, in March of 1966, the
         movement gains impetus with a march to the state capitol at Sacramento. As they walk along
         the highway with flags, crosses, and songs, the strikers are unexpectedly joined by bands
         of other farm workers. "Walk along the 99 - with a flag! They'd have thought you were
         unbalanced a year ago," says Valdez, realizing: "We have a right to be here!" Meanwhile, a
         group of Delano citizens called Citizens for Facts is opposing the strikers. Their
         arguments are familiar. They contend that Chavez is a "communist puppet" who has been
         "trained back East someplace." One woman, seeing "cars from Illinois," notes that she
         "wrote down the license numbers." Others are more sympathetic, however. A community center
         is formed to feed and otherwise aid the strikers. Their spirit is buoyed up by such
         diversions as the Teatro Campesino, which performs skits under Valdez' direction. These
         skits satirize the landowner and his instrument the hated "scab." But there is more active
         opposition to the scabs. At one point, the strikers try to stop a bus loaded with these
         imported workers. And, in the film's concluding scene, the strikers score a major victory
         as they persuade foreman and workers to leave their work and join the movement, after
         pleading "Are you going to sell out your race, the Mexican people?" "NET Journal - Huelga!"
         - is a presentation of National Educational Television, produced and written by Mark J.
         Harris of King Screen Productions. Director: Skeets McGrew. Narrator: Paul Herlinger.
         Edited by Dick Gilbert and Skeets McGrew.</marc:subfield>
      </marc:datafield>
      <marc:datafield tag="337" ind1=" " ind2=" ">
         <marc:subfield code="a">Moving Image</marc:subfield>
         <marc:subfield code="2">MAVIS media type controlled vocabulary</marc:subfield>
      </marc:datafield>
      <marc:datafield tag="024" ind1="8" ind2=" ">
         <marc:subfield code="a">2332591</marc:subfield>
         <marc:subfield code="2">MAVIS Title Number</marc:subfield>
      </marc:datafield>
      <marc:datafield tag="024" ind1="8" ind2=" ">
         <marc:subfield code="a">HUGA</marc:subfield>
         <marc:subfield code="2">NET/PBS NOLA</marc:subfield>
      </marc:datafield>
      <marc:datafield tag="024" ind1="8" ind2=" ">
         <marc:subfield code="a">1</marc:subfield>
         <marc:subfield code="2">NET/PBS number</marc:subfield>
      </marc:datafield>
      <marc:datafield tag="546" ind1=" " ind2=" ">
         <marc:subfield code="a">English</marc:subfield>
      </marc:datafield>
      <marc:datafield tag="653" ind1=" " ind2=" ">
         <marc:subfield code="a">Migrant labor</marc:subfield>
         <marc:subfield code="0">http://id.loc.gov/authorities/subjects/sh85085067</marc:subfield>
      </marc:datafield>
      <marc:datafield tag="653" ind1=" " ind2=" ">
         <marc:subfield code="a">Foreign workers, Mexican</marc:subfield>
         <marc:subfield code="0">http://id.loc.gov/authorities/subjects/sh85003519</marc:subfield>
      </marc:datafield>
      <marc:datafield tag="653" ind1=" " ind2=" ">
         <marc:subfield code="a"/>
      </marc:datafield>
      <marc:datafield tag="653" ind1=" " ind2=" ">
         <marc:subfield code="a">Valdez, Luis</marc:subfield>
         <marc:subfield code="0">http://id.loc.gov/authorities/names/n83217221</marc:subfield>
      </marc:datafield>
      <marc:datafield tag="245" ind1="0" ind2="0">
         <marc:subfield code="a">Huelga!</marc:subfield>
         <marc:subfield code="b">King Screen Productions ; National Educational
         Television presentation ; producer-writer, Mark J. Harris ; director, Skeets
         McGrew.</marc:subfield>
      </marc:datafield>
      <marc:datafield tag="246" ind1="3" ind2="3">
         <marc:subfield code="a">NET journal.
         [No. 1], Huelga!</marc:subfield>
      </marc:datafield>
      <marc:datafield tag="246" ind1="3" ind2="3">
         <marc:subfield code="a">NET journal.
         Huelga!</marc:subfield>
      </marc:datafield>
      <marc:datafield tag="246" ind1="3" ind2="3">
         <marc:subfield code="a">Huelga. (NET journal).</marc:subfield>
      </marc:datafield>
      <marc:datafield tag="655" ind1=" " ind2="0">
         <marc:subfield code="a">Documentary television programs
         (lcgft)</marc:subfield>
         <marc:subfield code="0">http://id.loc.gov/authorities/genreForms/gf2011026207</marc:subfield>
      </marc:datafield>
      <marc:datafield tag="655" ind1=" " ind2="0">
         <marc:subfield code="a">Nonfiction television programs
         (lcgft)</marc:subfield>
         <marc:subfield code="0">http://id.loc.gov/authorities/genreForms/gf2011026425</marc:subfield>
      </marc:datafield>
   </marc:record>