
   <marc:record>
      <marc:leader>      am         3u     </marc:leader>
      <marc:datafield tag="042" ind1=" " ind2=" ">
         <marc:subfield code="a">dc</marc:subfield>
      </marc:datafield>
      <marc:datafield tag="720" ind1=" " ind2=" ">
         <marc:subfield code="a">Bjork,
         Anita</marc:subfield>
         <marc:subfield code="e">Cast/Actor</marc:subfield>
         <marc:subfield code="0">http://id.loc.gov/authorities/names/no96053233</marc:subfield>
      </marc:datafield>
      <marc:datafield tag="720" ind1=" " ind2=" ">
         <marc:subfield code="a">Lindblom, Gunnel</marc:subfield>
         <marc:subfield code="e">Cast/Actor</marc:subfield>
         <marc:subfield code="0">http://id.loc.gov/authorities/names/n86041233</marc:subfield>
      </marc:datafield>
      <marc:datafield tag="720" ind1=" " ind2=" ">
         <marc:subfield code="a">Public
         Broadcasting Service</marc:subfield>
         <marc:subfield code="e">Broadcaster</marc:subfield>
         <marc:subfield code="0">http://id.loc.gov/authorities/names/n86134532</marc:subfield>
      </marc:datafield>
      <marc:datafield tag="720" ind1=" " ind2=" ">
         <marc:subfield code="a">Sydow, Max
         von</marc:subfield>
         <marc:subfield code="e">Voice actor (e.g., cartoons, narration, reader)</marc:subfield>
         <marc:subfield code="0">http://id.loc.gov/authorities/names/n86041234</marc:subfield>
      </marc:datafield>
      <marc:datafield tag="720" ind1=" " ind2=" ">
         <marc:subfield code="a">Sveriges Radio</marc:subfield>
         <marc:subfield code="e">Cooperation/Association</marc:subfield>
         <marc:subfield code="0">http://id.loc.gov/authorities/names/n79043858</marc:subfield>
      </marc:datafield>
      <marc:datafield tag="720" ind1=" " ind2=" ">
         <marc:subfield code="a">Hjelm, Keve</marc:subfield>
         <marc:subfield code="e">Cast/Actor</marc:subfield>
      </marc:datafield>
      <marc:datafield tag="720" ind1=" " ind2=" ">
         <marc:subfield code="a">Hjelm, Keve</marc:subfield>
         <marc:subfield code="e">Staged By/Choreographer</marc:subfield>
      </marc:datafield>
      <marc:datafield tag="720" ind1=" " ind2=" ">
         <marc:subfield code="a">Granhagen, Lena</marc:subfield>
         <marc:subfield code="e">Cast/Actor</marc:subfield>
      </marc:datafield>
      <marc:datafield tag="720" ind1=" " ind2=" ">
         <marc:subfield code="a">Brundin, Bo</marc:subfield>
         <marc:subfield code="e">Cast/Actor</marc:subfield>
      </marc:datafield>
      <marc:datafield tag="720" ind1=" " ind2=" ">
         <marc:subfield code="a">Hopf, Heinz</marc:subfield>
         <marc:subfield code="e">Cast/Actor</marc:subfield>
      </marc:datafield>
      <marc:datafield tag="720" ind1=" " ind2=" ">
         <marc:subfield code="a">Kuney, Jack</marc:subfield>
         <marc:subfield code="e">Adapter/Dramatization</marc:subfield>
         <marc:subfield code="0">http://id.loc.gov/authorities/names/n88298848</marc:subfield>
      </marc:datafield>
      <marc:datafield tag="720" ind1=" " ind2=" ">
         <marc:subfield code="a">Strindberg,
         August</marc:subfield>
         <marc:subfield code="e">Writer</marc:subfield>
         <marc:subfield code="0">http://id.loc.gov/authorities/names/n79005597</marc:subfield>
      </marc:datafield>
      <marc:datafield tag="720" ind1=" " ind2=" ">
         <marc:subfield code="a">WNET (Television station : New York, N.Y.)</marc:subfield>
         <marc:subfield code="e">Production Company</marc:subfield>
         <marc:subfield code="0">http://id.loc.gov/authorities/names/n80014556</marc:subfield>
      </marc:datafield>
      <marc:datafield tag="720" ind1=" " ind2=" ">
         <marc:subfield code="a">Venza, Jac</marc:subfield>
         <marc:subfield code="e">Executive Producer</marc:subfield>
         <marc:subfield code="0">http://id.loc.gov/authorities/names/no93017967</marc:subfield>
      </marc:datafield>
      <marc:datafield tag="720" ind1=" " ind2=" ">
         <marc:subfield code="a">Lindfors,
         Viveca</marc:subfield>
         <marc:subfield code="e">Story</marc:subfield>
         <marc:subfield code="0">http://id.loc.gov/authorities/names/n79043544</marc:subfield>
      </marc:datafield>
      <marc:datafield tag="720" ind1=" " ind2=" ">
         <marc:subfield code="a">Kuney,
         Jack</marc:subfield>
         <marc:subfield code="e">Producer</marc:subfield>
         <marc:subfield code="0">http://id.loc.gov/authorities/names/n88298848</marc:subfield>
      </marc:datafield>
      <marc:datafield tag="720" ind1=" " ind2=" ">
         <marc:subfield code="a">Kuney,
         Jack</marc:subfield>
         <marc:subfield code="e">Director</marc:subfield>
         <marc:subfield code="0">http://id.loc.gov/authorities/names/n88298848</marc:subfield>
      </marc:datafield>
      <marc:datafield tag="720" ind1=" " ind2=" ">
         <marc:subfield code="a">Kuney,
         Jack</marc:subfield>
         <marc:subfield code="e">Teleplay</marc:subfield>
         <marc:subfield code="0">http://id.loc.gov/authorities/names/n88298848</marc:subfield>
      </marc:datafield>
      <marc:datafield tag="260" ind1=" " ind2=" ">
         <marc:subfield code="c">1973-8-30</marc:subfield>
      </marc:datafield>
      <marc:datafield tag="260" ind1=" " ind2=" ">
         <marc:subfield code="c">1972-3-23</marc:subfield>
      </marc:datafield>
      <marc:datafield tag="520" ind1=" " ind2=" ">
         <marc:subfield code="a">From NET microfiche: Program Description: Internationally renowned Swedish
         actor Max Von Sydow, star of many Ingmar Bergman classics including "The Seventh Seal,"
         "Shame," and "The Passion of Anna," probes the dark, brooding world of the playwright
         August Strindberg in this production entitled "In Search of Strindberg," filmed in Sweden
         and in Paris. Producer Jack Kuney has adapted his teleplay from the dramatic and
         autobiographical writings of Strindberg incorporating scenes from three of the playwright's
         important works - "The Father," "Miss Julie," and "The Bond." Strindberg (1849-1912) is
         considered the greatest Swedish playwright and was an important influence on drama in
         Europe and the United States. He was also a novelist, short story-writer, and poet. His
         life was profoundly unhappy; born prematurely, out of wedlock, the insecurities of his
         childhood followed him throughout his existence. Often the circumstances of his adult life
         became intertwined with his writings. "I don't know if 'The Father' is a fiction or if my
         life is a fiction," he wrote. The biography unfolds with Von Sydow as the voice of
         Strindberg. Under the soundtrack the actor adds visual detail to the narrative. Scenes from
         the plays - enacted in English by Swedish performers - are woven into the biography where
         Strindberg's fiction parallels his life. The tone of that life is established in childhood:
         "It's whispered in the family that I'm a changeling. A child substituted by the elves for
         the baby that was born. Are these elves the souls of the unhappy who still await
         redemption? If so, I am a child of an evil spirit." We look into the writer's early years
         of frustration and pessimism as a librarian at Stockholm's Royal Library, with his first
         play, "Master Olaf" - later to be recognized as a near masterpiece - already rejected. He
         marries the Finno-Swedish actress Siri Von Essen but, after a brief blissful episode, their
         relationship deteriorates, ending in divorce. His grief is intensified when he loses
         custody of the children. Increasingly the theme of his writings become "Love between a man
         and a woman is war." Strindberg goes to live alone at the cottage of a friend who had
         drowned himself in a nearby pond. He contemplates the same fate, but resists, "because the
         unconscious will continually entice men to live through the illusion of the hope toward a
         better life." After a time, his interest in women is revived and he suffers two more
         relationships that fail to last. He writes " As a poet I blend fiction with reality, and
         all my hatred of women is theoretical for I couldn't live without the company of women." He
         goes to Paris, where we follow his metaphysical thoughts as he wanders through streets and
         parks acknowledging "omens" and finally "waiting for the winds to blow me whither they
         will." Near the end of his life he says: "What I found bitterer than death was having to
         take the great jobs seriously and treat as holy what was coarse  I want to lie with the
         poor not the rich. On a simple wooden cross should say: 'O Crux Avise  Unica - Welcome
         Cross, My Only Hope.'" He died of cancer in Stockholm at the age of 63.</marc:subfield>
      </marc:datafield>
      <marc:datafield tag="337" ind1=" " ind2=" ">
         <marc:subfield code="a">Moving Image</marc:subfield>
         <marc:subfield code="2">MAVIS media type controlled vocabulary</marc:subfield>
      </marc:datafield>
      <marc:datafield tag="024" ind1="8" ind2=" ">
         <marc:subfield code="a">2337241</marc:subfield>
         <marc:subfield code="2">MAVIS Title Number</marc:subfield>
      </marc:datafield>
      <marc:datafield tag="024" ind1="8" ind2=" ">
         <marc:subfield code="a">ISSG</marc:subfield>
         <marc:subfield code="2">NET/PBS NOLA</marc:subfield>
      </marc:datafield>
      <marc:datafield tag="024" ind1="8" ind2=" ">
         <marc:subfield code="a">0</marc:subfield>
         <marc:subfield code="2">NET/PBS number</marc:subfield>
      </marc:datafield>
      <marc:datafield tag="546" ind1=" " ind2=" ">
         <marc:subfield code="a">English</marc:subfield>
      </marc:datafield>
      <marc:datafield tag="653" ind1=" " ind2=" ">
         <marc:subfield code="a">Dramatists</marc:subfield>
         <marc:subfield code="0">http://id.loc.gov/authorities/subjects/sh85039342</marc:subfield>
      </marc:datafield>
      <marc:datafield tag="653" ind1=" " ind2=" ">
         <marc:subfield code="a">Strindberg, August,
         1849-1912</marc:subfield>
         <marc:subfield code="0">http://id.loc.gov/authorities/names/n79005597</marc:subfield>
      </marc:datafield>
      <marc:datafield tag="245" ind1="0" ind2="0">
         <marc:subfield code="a">In search of Strindberg.</marc:subfield>
         <marc:subfield code="b">WNET/13 in cooperation with Sveriges Radio,
         Stockholm ; producer-director-writer-adapter, Jack Coney ; NET executive producer, Jac
         Venza.</marc:subfield>
      </marc:datafield>
      <marc:datafield tag="246" ind1="3" ind2="3">
         <marc:subfield code="a">Playhouse New York biography. [1973-08-30]. In search
         of Strindberg.</marc:subfield>
      </marc:datafield>
      <marc:datafield tag="246" ind1="3" ind2="3">
         <marc:subfield code="a">Playhouse New York biography. [No. 213], In search of
         Strindberg.</marc:subfield>
      </marc:datafield>
      <marc:datafield tag="246" ind1="3" ind2="3">
         <marc:subfield code="a">A search for Strindberg.</marc:subfield>
      </marc:datafield>
      <marc:datafield tag="246" ind1="3" ind2="3">
         <marc:subfield code="a">NET playhouse biography. [1972-03-23]. A search for
         Strindberg.</marc:subfield>
      </marc:datafield>
      <marc:datafield tag="246" ind1="3" ind2="3">
         <marc:subfield code="a">NET playhouse biography. [No. 10], A search for
         Strindberg.</marc:subfield>
      </marc:datafield>
      <marc:datafield tag="655" ind1=" " ind2="0">
         <marc:subfield code="a">Biographical television programs
         (lcgft)</marc:subfield>
         <marc:subfield code="0">http://id.loc.gov/authorities/genreForms/gf2011026091</marc:subfield>
      </marc:datafield>
      <marc:datafield tag="655" ind1=" " ind2="0">
         <marc:subfield code="a">Documentary television programs
         (lcgft)</marc:subfield>
         <marc:subfield code="0">http://id.loc.gov/authorities/genreForms/gf2011026207</marc:subfield>
      </marc:datafield>
      <marc:datafield tag="655" ind1=" " ind2="0">
         <marc:subfield code="a">Nonfiction television programs
         (lcgft)</marc:subfield>
         <marc:subfield code="0">http://id.loc.gov/authorities/genreForms/gf2011026425</marc:subfield>
      </marc:datafield>
      <marc:datafield tag="655" ind1=" " ind2="0">
         <marc:subfield code="a">Televised performances
         (lcgft)</marc:subfield>
         <marc:subfield code="0">http://id.loc.gov/authorities/genreForms/gf2011026646</marc:subfield>
      </marc:datafield>
   </marc:record>