
   <marc:record>
      <marc:leader>      am         3u     </marc:leader>
      <marc:datafield tag="042" ind1=" " ind2=" ">
         <marc:subfield code="a">dc</marc:subfield>
      </marc:datafield>
      <marc:datafield tag="720" ind1=" " ind2=" ">
         <marc:subfield code="a">Myers,
         David, 1914-2004</marc:subfield>
         <marc:subfield code="e">Cameraman</marc:subfield>
         <marc:subfield code="0">http://id.loc.gov/authorities/names/no2011114947</marc:subfield>
      </marc:datafield>
      <marc:datafield tag="720" ind1=" " ind2=" ">
         <marc:subfield code="a">National Educational Television and Radio Center</marc:subfield>
         <marc:subfield code="e">Broadcaster</marc:subfield>
         <marc:subfield code="0">http://id.loc.gov/authorities/names/n80050382</marc:subfield>
      </marc:datafield>
      <marc:datafield tag="720" ind1=" " ind2=" ">
         <marc:subfield code="a">Intertel</marc:subfield>
         <marc:subfield code="e">Undetermined</marc:subfield>
         <marc:subfield code="0">http://id.loc.gov/authorities/names/nr98038189</marc:subfield>
      </marc:datafield>
      <marc:datafield tag="720" ind1=" " ind2=" ">
         <marc:subfield code="a">Klugherz,
         Dan</marc:subfield>
         <marc:subfield code="e">Producer</marc:subfield>
         <marc:subfield code="0">http://id.loc.gov/authorities/names/n88240622</marc:subfield>
      </marc:datafield>
      <marc:datafield tag="720" ind1=" " ind2=" ">
         <marc:subfield code="a">Klugherz,
         Dan</marc:subfield>
         <marc:subfield code="e">Director</marc:subfield>
         <marc:subfield code="0">http://id.loc.gov/authorities/names/n88240622</marc:subfield>
      </marc:datafield>
      <marc:datafield tag="720" ind1=" " ind2=" ">
         <marc:subfield code="a">Klugherz,
         Dan</marc:subfield>
         <marc:subfield code="e">Writer</marc:subfield>
         <marc:subfield code="0">http://id.loc.gov/authorities/names/n88240622</marc:subfield>
      </marc:datafield>
      <marc:datafield tag="260" ind1=" " ind2=" ">
         <marc:subfield code="c">1969-2-3</marc:subfield>
      </marc:datafield>
      <marc:datafield tag="260" ind1=" " ind2=" ">
         <marc:subfield code="c">1969-1-31</marc:subfield>
      </marc:datafield>
      <marc:datafield tag="520" ind1=" " ind2=" ">
         <marc:subfield code="a">From WorldCat: Shows that the traditional life of the Polynesians of American
         Samoa is being altered and challenged by its governing authority, the United States, and
         that a potential conflict exists between the western goals of education which stress
         independent thinking and the cultural values of Samoa which emphasize obedience to the
         family and respect for authority. From NET microfiche: Suggested Newspaper Listing:
         American Samoa: Paradise Lost? - A report on the Westernization of a tropical paradise,
         where children now learn English through educational television and tourists drink Coca
         Cola on the beaches of Pago Pago. Description: American Samoa, a tropical paradise in the
         South Pacific, is now faced with a compromise to its hereditary structure and its unhurried
         life. The challenge is that of progress, American-style, complete with camera-toting
         tourists, educational television in every classroom, and an expanding economy that may be
         in conflict with Samoan values of sharing and of deference to the family and the tribal
         core. These are the findings of NET's Intertel production, "American Samoa: Paradise Lost?"
         The program spans classrooms and canneries, tribal banquets and remote beaches, in its
         portrayal of a rapidly changing culture. The conflict between traditional and emerging
         Samoa is seen as a loan collector makes his rounds among people whose native huts were
         destroyed during storms, and have been replaced by all-weather homes, with the American
         bank financing the project. The natives, who have always taken from friends, cannot
         comprehend the fact that they must repay the bank. The school, were children are learning
         English and geography from a television monitor, presents another potential conflict.
         "Taught to respect authority very early, they do as they are told, pay attention to
         television and the teacher, and are learning English far more rapidly than ever before."
         However, the program adds, "this very attitude of acceptance may stand in the way of
         independent thinking. This Western goal of education is alien to a culture that expects
         children to be obedient, to serve, not to question, one's elders." Even among Samoan
         chiefs, an unquestioning stance is noted. At a meeting on family planning, they are polite
         listeners, though they have no intention of carrying out the Americans' program. In most
         areas, Samoans are accepting the American influence, recognizing a chance for new comfort
         and prosperity. This fact applies especially to Samoan's leading industry - tourism. One
         tour director, interviewed on a television program for students, strikes the dominant note
         - "Keep your big wide smiles up," he advises the class, for then tourists will return to
         the island. But one critic, High Chief Fuimaono, sees Samoa being changed to something less
         natural than it was before. He is critical of the message implicit to children in the
         cowboy movies on television. Nor does he feel that they should be taught to eat with spoons
         and forks in school when they will revert to their parents' way of using their hands at
         home. The high chief laments, "I would like us to be independent of the United States." But
         the program concludes, "for the present, the Samoan chooses easily - something old,
         something new - balancing with typical Polynesian poise between two worlds." "American
         Samoa: Paradise Lost?" was produced for Intertel by NET. Produced, directed and written by
         Dan Klugherz Editor: Dena Burger Cameramen: Bill Constable and David Meyers Narrator: Don
         Murrow</marc:subfield>
      </marc:datafield>
      <marc:datafield tag="337" ind1=" " ind2=" ">
         <marc:subfield code="a">Moving Image</marc:subfield>
         <marc:subfield code="2">MAVIS media type controlled vocabulary</marc:subfield>
      </marc:datafield>
      <marc:datafield tag="024" ind1="8" ind2=" ">
         <marc:subfield code="a">2017898</marc:subfield>
         <marc:subfield code="2">MAVIS Title Number</marc:subfield>
      </marc:datafield>
      <marc:datafield tag="024" ind1="8" ind2=" ">
         <marc:subfield code="a">ITTL</marc:subfield>
         <marc:subfield code="2">NET/PBS NOLA</marc:subfield>
      </marc:datafield>
      <marc:datafield tag="024" ind1="8" ind2=" ">
         <marc:subfield code="a">54</marc:subfield>
         <marc:subfield code="2">NET/PBS number</marc:subfield>
      </marc:datafield>
      <marc:datafield tag="024" ind1="8" ind2=" ">
         <marc:subfield code="a">1</marc:subfield>
         <marc:subfield code="2">Program Number</marc:subfield>
      </marc:datafield>
      <marc:datafield tag="024" ind1="8" ind2=" ">
         <marc:subfield code="a">5180474 (OCLC)</marc:subfield>
         <marc:subfield code="2">Original Control No.</marc:subfield>
      </marc:datafield>
      <marc:datafield tag="546" ind1=" " ind2=" ">
         <marc:subfield code="a">English</marc:subfield>
      </marc:datafield>
      <marc:datafield tag="653" ind1=" " ind2=" ">
         <marc:subfield code="a"/>
      </marc:datafield>
      <marc:datafield tag="653" ind1=" " ind2=" ">
         <marc:subfield code="a"/>
      </marc:datafield>
      <marc:datafield tag="653" ind1=" " ind2=" ">
         <marc:subfield code="a">Civilization--American
         influences</marc:subfield>
         <marc:subfield code="0">http://id.loc.gov/authorities/subjects/sh89001980</marc:subfield>
      </marc:datafield>
      <marc:datafield tag="245" ind1="0" ind2="0">
         <marc:subfield code="a">Intertel. American Samoa--paradise lost?</marc:subfield>
         <marc:subfield code="b">produced for Intertel ; by NET ;
         producer-director-writer, Dan Klugherz.</marc:subfield>
      </marc:datafield>
      <marc:datafield tag="246" ind1="3" ind2="3">
         <marc:subfield code="a">American Samoa--paradise
         lost?</marc:subfield>
      </marc:datafield>
      <marc:datafield tag="246" ind1="3" ind2="3">
         <marc:subfield code="a">Paradise lost?</marc:subfield>
      </marc:datafield>
      <marc:datafield tag="246" ind1="3" ind2="3">
         <marc:subfield code="a">NET journal.
         American Samoa--paradise lost?</marc:subfield>
      </marc:datafield>
      <marc:datafield tag="246" ind1="3" ind2="3">
         <marc:subfield code="a">Intertel. [No. 54], American Samoa--paradise
         lost?</marc:subfield>
      </marc:datafield>
      <marc:datafield tag="655" ind1=" " ind2="0">
         <marc:subfield code="a">Documentary television programs
         (lcgft)</marc:subfield>
         <marc:subfield code="0">http://id.loc.gov/authorities/genreForms/gf2011026207</marc:subfield>
      </marc:datafield>
      <marc:datafield tag="655" ind1=" " ind2="0">
         <marc:subfield code="a">Ethnographic television programs
         (lcgft)</marc:subfield>
         <marc:subfield code="0">http://id.loc.gov/authorities/genreForms/gf2011026233</marc:subfield>
      </marc:datafield>
      <marc:datafield tag="655" ind1=" " ind2="0">
         <marc:subfield code="a">Nonfiction television programs
         (lcgft)</marc:subfield>
         <marc:subfield code="0">http://id.loc.gov/authorities/genreForms/gf2011026425</marc:subfield>
      </marc:datafield>
   </marc:record>