
   <marc:record>
      <marc:leader>      am         3u     </marc:leader>
      <marc:datafield tag="042" ind1=" " ind2=" ">
         <marc:subfield code="a">dc</marc:subfield>
      </marc:datafield>
      <marc:datafield tag="720" ind1=" " ind2=" ">
         <marc:subfield code="a">Carmichael, Stokley</marc:subfield>
         <marc:subfield code="e">Appearing</marc:subfield>
      </marc:datafield>
      <marc:datafield tag="720" ind1=" " ind2=" ">
         <marc:subfield code="a">National Educational Television and Radio Center</marc:subfield>
         <marc:subfield code="e">Broadcaster</marc:subfield>
         <marc:subfield code="0">http://id.loc.gov/authorities/names/n80050382</marc:subfield>
      </marc:datafield>
      <marc:datafield tag="720" ind1=" " ind2=" ">
         <marc:subfield code="a">Reston,
         James</marc:subfield>
         <marc:subfield code="e">Appearing</marc:subfield>
         <marc:subfield code="0">http://id.loc.gov/authorities/names/n50045203</marc:subfield>
      </marc:datafield>
      <marc:datafield tag="720" ind1=" " ind2=" ">
         <marc:subfield code="a">Rodriguez, Carlos Rafael</marc:subfield>
         <marc:subfield code="e">Appearing</marc:subfield>
         <marc:subfield code="0">http://id.loc.gov/authorities/names/n2004029685</marc:subfield>
      </marc:datafield>
      <marc:datafield tag="720" ind1=" " ind2=" ">
         <marc:subfield code="a">Desnoes,
         Edmundo</marc:subfield>
         <marc:subfield code="e">Appearing</marc:subfield>
         <marc:subfield code="0">http://id.loc.gov/authorities/names/n50001631</marc:subfield>
      </marc:datafield>
      <marc:datafield tag="720" ind1=" " ind2=" ">
         <marc:subfield code="a">Lockwood, Lee</marc:subfield>
         <marc:subfield code="e">Appearing</marc:subfield>
         <marc:subfield code="0">http://id.loc.gov/authorities/names/n50050511</marc:subfield>
      </marc:datafield>
      <marc:datafield tag="720" ind1=" " ind2=" ">
         <marc:subfield code="a">Moore,
         Richard O.</marc:subfield>
         <marc:subfield code="e">Producer</marc:subfield>
         <marc:subfield code="0">http://id.loc.gov/authorities/names/n2009051972</marc:subfield>
      </marc:datafield>
      <marc:datafield tag="720" ind1=" " ind2=" ">
         <marc:subfield code="a">KQED-TV</marc:subfield>
         <marc:subfield code="e">Production Company</marc:subfield>
         <marc:subfield code="0">http://id.loc.gov/authorities/names/no2016031835</marc:subfield>
      </marc:datafield>
      <marc:datafield tag="260" ind1=" " ind2=" ">
         <marc:subfield code="c">1967-10-30</marc:subfield>
      </marc:datafield>
      <marc:datafield tag="520" ind1=" " ind2=" ">
         <marc:subfield code="a">From NET microfiche (R): NET's "Report from Cuba" is an hour long documentary
         filmed inside the revolutionary hub of the Western Hemisphere. Produced for National
         Educational Television by Richard Moore of KQED, San Francisco the program studies Castro's
         efforts to overcome his two personal dragons - underdevelopment and the spectra of "Yankee
         Imperialism." Castro's attempt to export his revolution is demonstrated at the July 26
         Organization of Latin American Solidarity meeting, which celebrates the 14th anniversary of
         the attack on Fort Moncada, signaling the onset of the revolution. Castro, who took control
         of Cuba 5 years later, is seen addressing an enthusiastic throng of 100,000 at OLAS, which
         includes Negro militant Stokely Carmichael and a delegation from the National Liberation
         Front of Vietnam. At the OLAS meeting James Reston of the New York Times, also in Cuba at
         the time, notes that Castro has "hypnotized this island" and has "made a good beginning
         here in many, many ways  there is an enthusiasm  a revolution within a revolution with
         the women and particularly the young." Cuba's youth movement is shown in action at the Isle
         of Youth, a former prison now used for agricultural training, military drill, and other
         disciplines of the [] communist. "Report from Cuba" studies Cuba's agricultural reforms,
         continued rationing on the island, the decline of Havana as a Western capital, the role of
         the intellectual, the waves of emigration to the United States, the "rehabilitation" of
         political prisoners, an experimental community at San Andres, and the education of the
         Cuban child. The program also contains footage from a festival at Santiago de Cuba and a
         prestigious international art exhibit, the Salon de Mai. Among those appearing on the
         program are economist Dr. Carlos Rafael Rodriguez, novelist Edmundo Desnoe, journalist Lee
         Lockwood, young Cuban militants, self-exiled Cubans and ex-prisoners.</marc:subfield>
      </marc:datafield>
      <marc:datafield tag="337" ind1=" " ind2=" ">
         <marc:subfield code="a">Moving Image</marc:subfield>
         <marc:subfield code="2">MAVIS media type controlled vocabulary</marc:subfield>
      </marc:datafield>
      <marc:datafield tag="024" ind1="8" ind2=" ">
         <marc:subfield code="a">2004998</marc:subfield>
         <marc:subfield code="2">MAVIS Title Number</marc:subfield>
      </marc:datafield>
      <marc:datafield tag="024" ind1="8" ind2=" ">
         <marc:subfield code="a">ITTL</marc:subfield>
         <marc:subfield code="2">NET/PBS NOLA</marc:subfield>
      </marc:datafield>
      <marc:datafield tag="024" ind1="8" ind2=" ">
         <marc:subfield code="a">47</marc:subfield>
         <marc:subfield code="2">NET/PBS number</marc:subfield>
      </marc:datafield>
      <marc:datafield tag="546" ind1=" " ind2=" ">
         <marc:subfield code="a">English</marc:subfield>
      </marc:datafield>
      <marc:datafield tag="653" ind1=" " ind2=" ">
         <marc:subfield code="a">Castro, Fidel, 1926-2016</marc:subfield>
         <marc:subfield code="0">http://id.loc.gov/authorities/names/n80039693</marc:subfield>
      </marc:datafield>
      <marc:datafield tag="653" ind1=" " ind2=" ">
         <marc:subfield code="a"/>
      </marc:datafield>
      <marc:datafield tag="653" ind1=" " ind2=" ">
         <marc:subfield code="a">Cuba</marc:subfield>
         <marc:subfield code="0">http://id.loc.gov/authorities/names/n79079435</marc:subfield>
      </marc:datafield>
      <marc:datafield tag="245" ind1="0" ind2="0">
         <marc:subfield code="a">Intertel. Report from Cuba.</marc:subfield>
         <marc:subfield code="b">produced by KQED-TV, San Francisco, for
         National Educational Television ; producer, Richard Moore.</marc:subfield>
      </marc:datafield>
      <marc:datafield tag="246" ind1="3" ind2="3">
         <marc:subfield code="a">Report from Cuba.</marc:subfield>
      </marc:datafield>
      <marc:datafield tag="246" ind1="3" ind2="3">
         <marc:subfield code="a">NET journal. Report from
         Cuba.</marc:subfield>
      </marc:datafield>
      <marc:datafield tag="246" ind1="3" ind2="3">
         <marc:subfield code="a">Cuba today.</marc:subfield>
      </marc:datafield>
      <marc:datafield tag="246" ind1="3" ind2="3">
         <marc:subfield code="a">Intertel / NET journal. Report from
         Cuba.</marc:subfield>
      </marc:datafield>
      <marc:datafield tag="246" ind1="3" ind2="3">
         <marc:subfield code="a">Intertel. [No. 47], Report from Cuba.</marc:subfield>
      </marc:datafield>
      <marc:datafield tag="655" ind1=" " ind2="0">
         <marc:subfield code="a">Documentary television programs
         (lcgft)</marc:subfield>
         <marc:subfield code="0">http://id.loc.gov/authorities/genreForms/gf2011026207</marc:subfield>
      </marc:datafield>
      <marc:datafield tag="655" ind1=" " ind2="0">
         <marc:subfield code="a">Nonfiction television programs
         (lcgft)</marc:subfield>
         <marc:subfield code="0">http://id.loc.gov/authorities/genreForms/gf2011026425</marc:subfield>
      </marc:datafield>
   </marc:record>