
   <marc:record>
      <marc:leader>      am         3u     </marc:leader>
      <marc:datafield tag="042" ind1=" " ind2=" ">
         <marc:subfield code="a">dc</marc:subfield>
      </marc:datafield>
      <marc:datafield tag="720" ind1=" " ind2=" ">
         <marc:subfield code="a">Greaves,
         William</marc:subfield>
         <marc:subfield code="e">Editor</marc:subfield>
         <marc:subfield code="0">http://id.loc.gov/authorities/names/n50033530</marc:subfield>
      </marc:datafield>
      <marc:datafield tag="720" ind1=" " ind2=" ">
         <marc:subfield code="a">National Educational Television and Radio Center</marc:subfield>
         <marc:subfield code="e">Broadcaster</marc:subfield>
         <marc:subfield code="0">http://id.loc.gov/authorities/names/n80050382</marc:subfield>
      </marc:datafield>
      <marc:datafield tag="720" ind1=" " ind2=" ">
         <marc:subfield code="a">Adler,
         Lou</marc:subfield>
         <marc:subfield code="e">Narrator</marc:subfield>
         <marc:subfield code="0">http://id.loc.gov/authorities/names/n98021095</marc:subfield>
      </marc:datafield>
      <marc:datafield tag="720" ind1=" " ind2=" ">
         <marc:subfield code="a">Greaves,
         William</marc:subfield>
         <marc:subfield code="e">Producer</marc:subfield>
         <marc:subfield code="0">http://id.loc.gov/authorities/names/n50033530</marc:subfield>
      </marc:datafield>
      <marc:datafield tag="720" ind1=" " ind2=" ">
         <marc:subfield code="a">Greaves,
         William</marc:subfield>
         <marc:subfield code="e">Director</marc:subfield>
         <marc:subfield code="0">http://id.loc.gov/authorities/names/n50033530</marc:subfield>
      </marc:datafield>
      <marc:datafield tag="260" ind1=" " ind2=" ">
         <marc:subfield code="c">1970-2-9</marc:subfield>
      </marc:datafield>
      <marc:datafield tag="260" ind1=" " ind2=" ">
         <marc:subfield code="c">1969</marc:subfield>
      </marc:datafield>
      <marc:datafield tag="520" ind1=" " ind2=" ">
         <marc:subfield code="a">From NET microfiche: Program Description: "In the Company of Men" a report on
         psychiatrists' efforts to overcome the "'boy' syndrome" in a Southern auto factory, will be
         seen on NET Journal. The documentary, silver award winner at the 1969 International Job
         Film fair, relates the role of sensitivity training in narrowing the racial gap between
         white foremen and blacks designated as "hardcore unemployed." Initial sessions between Dr.
         Walter Klavun and the foremen prepare them for the eventual confrontation with a group of
         disenchanted blacks. Dr. Dennis Jackson, a black psychiatrist, introduces this group to the
         foreman and asks them to explain why they would "rather be unemployable." Scenes in which
         the men and their former employers have been involved are then recast in role-playing
         sessions, during which the men exchange positions. "Progress can come up laughing," remarks
         the narrator, as a white foreman carefully amends the word "fellas" to "men." Blacks and
         whites then begin a more informal and pressure-fee dialogue about their ambitions. NET
         Journal - "In the Company of Men" is an NET presentation, produced and directed by William
         Greaves. Editor: William Greaves. Narrator: Lou Adler.</marc:subfield>
      </marc:datafield>
      <marc:datafield tag="337" ind1=" " ind2=" ">
         <marc:subfield code="a">Moving Image</marc:subfield>
         <marc:subfield code="2">MAVIS media type controlled vocabulary</marc:subfield>
      </marc:datafield>
      <marc:datafield tag="024" ind1="8" ind2=" ">
         <marc:subfield code="a">2407881</marc:subfield>
         <marc:subfield code="2">MAVIS Title Number</marc:subfield>
      </marc:datafield>
      <marc:datafield tag="024" ind1="8" ind2=" ">
         <marc:subfield code="a">264?</marc:subfield>
         <marc:subfield code="2">NET/PBS NOLA</marc:subfield>
      </marc:datafield>
      <marc:datafield tag="024" ind1="8" ind2=" ">
         <marc:subfield code="a">ICMN</marc:subfield>
         <marc:subfield code="2">NET/PBS NOLA</marc:subfield>
      </marc:datafield>
      <marc:datafield tag="024" ind1="8" ind2=" ">
         <marc:subfield code="a">101</marc:subfield>
         <marc:subfield code="2">NET/PBS number</marc:subfield>
      </marc:datafield>
      <marc:datafield tag="546" ind1=" " ind2=" ">
         <marc:subfield code="a">English</marc:subfield>
      </marc:datafield>
      <marc:datafield tag="787" ind1="0" ind2=" ">
         <marc:subfield code="w">198537</marc:subfield>
         <marc:subfield code="n">MAVIS id number</marc:subfield>
      </marc:datafield>
      <marc:datafield tag="653" ind1=" " ind2=" ">
         <marc:subfield code="a">Group psychotherapy</marc:subfield>
         <marc:subfield code="0">http://id.loc.gov/authorities/subjects/sh85057493</marc:subfield>
      </marc:datafield>
      <marc:datafield tag="653" ind1=" " ind2=" ">
         <marc:subfield code="a">African Americans--Employment</marc:subfield>
         <marc:subfield code="0">http://id.loc.gov/authorities/subjects/sh85001951</marc:subfield>
      </marc:datafield>
      <marc:datafield tag="653" ind1=" " ind2=" ">
         <marc:subfield code="a">Race relations</marc:subfield>
         <marc:subfield code="0">http://id.loc.gov/authorities/subjects/sh85110249</marc:subfield>
      </marc:datafield>
      <marc:datafield tag="653" ind1=" " ind2=" ">
         <marc:subfield code="a">Role reversal</marc:subfield>
         <marc:subfield code="0">http://id.loc.gov/authorities/subjects/sh99005979</marc:subfield>
      </marc:datafield>
      <marc:datafield tag="245" ind1="0" ind2="0">
         <marc:subfield code="a">In the company of men.</marc:subfield>
         <marc:subfield code="b">producer-director, William
         Greaves.</marc:subfield>
      </marc:datafield>
      <marc:datafield tag="246" ind1="3" ind2="3">
         <marc:subfield code="a">NET journal
         #264--in the company of men.</marc:subfield>
      </marc:datafield>
      <marc:datafield tag="246" ind1="3" ind2="3">
         <marc:subfield code="a">NET journal--in
         the company of men.</marc:subfield>
      </marc:datafield>
      <marc:datafield tag="246" ind1="3" ind2="3">
         <marc:subfield code="a">In the company of man.</marc:subfield>
      </marc:datafield>
      <marc:datafield tag="655" ind1=" " ind2="0">
         <marc:subfield code="a">Documentary television programs
         (lcgft)</marc:subfield>
         <marc:subfield code="0">http://id.loc.gov/authorities/genreForms/gf2011026207</marc:subfield>
      </marc:datafield>
      <marc:datafield tag="655" ind1=" " ind2="0">
         <marc:subfield code="a">Nonfiction television programs
         (lcgft)</marc:subfield>
         <marc:subfield code="0">http://id.loc.gov/authorities/genreForms/gf2011026425</marc:subfield>
      </marc:datafield>
   </marc:record>