
   <marc:record>
      <marc:leader>      am         3u     </marc:leader>
      <marc:datafield tag="042" ind1=" " ind2=" ">
         <marc:subfield code="a">dc</marc:subfield>
      </marc:datafield>
      <marc:datafield tag="720" ind1=" " ind2=" ">
         <marc:subfield code="a">Aaron,
         Jack</marc:subfield>
         <marc:subfield code="e">Cast/Actor</marc:subfield>
         <marc:subfield code="0">http://id.loc.gov/authorities/names/no2005025003</marc:subfield>
      </marc:datafield>
      <marc:datafield tag="720" ind1=" " ind2=" ">
         <marc:subfield code="a">Wallace, Lee</marc:subfield>
         <marc:subfield code="e">Cast/Actor</marc:subfield>
      </marc:datafield>
      <marc:datafield tag="720" ind1=" " ind2=" ">
         <marc:subfield code="a">Greenhouse, Martha</marc:subfield>
         <marc:subfield code="e">Cast/Actor</marc:subfield>
         <marc:subfield code="0">http://id.loc.gov/authorities/names/no2009020694</marc:subfield>
      </marc:datafield>
      <marc:datafield tag="720" ind1=" " ind2=" ">
         <marc:subfield code="a">Rosen, Charles, 1927-2012</marc:subfield>
         <marc:subfield code="e">Set Designer/Set Decorator</marc:subfield>
         <marc:subfield code="0">http://id.loc.gov/authorities/names/n50048358</marc:subfield>
      </marc:datafield>
      <marc:datafield tag="720" ind1=" " ind2=" ">
         <marc:subfield code="a">National Educational Television and Radio Center</marc:subfield>
         <marc:subfield code="e">Broadcaster</marc:subfield>
         <marc:subfield code="0">http://id.loc.gov/authorities/names/n80050382</marc:subfield>
      </marc:datafield>
      <marc:datafield tag="720" ind1=" " ind2=" ">
         <marc:subfield code="a">Rae,
         Charlotte</marc:subfield>
         <marc:subfield code="e">Cast/Actor</marc:subfield>
         <marc:subfield code="0">http://id.loc.gov/authorities/names/n87922149</marc:subfield>
      </marc:datafield>
      <marc:datafield tag="720" ind1=" " ind2=" ">
         <marc:subfield code="a">Hoffman, Dustin</marc:subfield>
         <marc:subfield code="e">Cast/Actor</marc:subfield>
         <marc:subfield code="0">http://id.loc.gov/authorities/names/n80148797</marc:subfield>
      </marc:datafield>
      <marc:datafield tag="720" ind1=" " ind2=" ">
         <marc:subfield code="a">Hammer, Mark.</marc:subfield>
         <marc:subfield code="e">Cast/Actor</marc:subfield>
      </marc:datafield>
      <marc:datafield tag="720" ind1=" " ind2=" ">
         <marc:subfield code="a">Anspach, Susan</marc:subfield>
         <marc:subfield code="e">Cast/Actor</marc:subfield>
         <marc:subfield code="0">http://id.loc.gov/authorities/names/no92026471</marc:subfield>
      </marc:datafield>
      <marc:datafield tag="720" ind1=" " ind2=" ">
         <marc:subfield code="a">Saunders, Nicholas.</marc:subfield>
         <marc:subfield code="e">Cast/Actor</marc:subfield>
      </marc:datafield>
      <marc:datafield tag="720" ind1=" " ind2=" ">
         <marc:subfield code="a">Tolan,
         Michael</marc:subfield>
         <marc:subfield code="e">Cast/Actor</marc:subfield>
         <marc:subfield code="0">http://id.loc.gov/authorities/names/no97056159</marc:subfield>
      </marc:datafield>
      <marc:datafield tag="720" ind1=" " ind2=" ">
         <marc:subfield code="a">Turgenev, Ivan Sergeevich</marc:subfield>
         <marc:subfield code="e">Author/Based on</marc:subfield>
         <marc:subfield code="0">http://id.loc.gov/authorities/names/n79144981</marc:subfield>
      </marc:datafield>
      <marc:datafield tag="720" ind1=" " ind2=" ">
         <marc:subfield code="a">Arrick,
         Larry</marc:subfield>
         <marc:subfield code="e">Director</marc:subfield>
         <marc:subfield code="0">http://id.loc.gov/authorities/names/nr2002034932</marc:subfield>
      </marc:datafield>
      <marc:datafield tag="720" ind1=" " ind2=" ">
         <marc:subfield code="a">National Educational Television and Radio Center</marc:subfield>
         <marc:subfield code="e">Production Company</marc:subfield>
         <marc:subfield code="0">http://id.loc.gov/authorities/names/n80050382</marc:subfield>
      </marc:datafield>
      <marc:datafield tag="720" ind1=" " ind2=" ">
         <marc:subfield code="a">Venza,
         Jac</marc:subfield>
         <marc:subfield code="e">Producer</marc:subfield>
         <marc:subfield code="0">http://id.loc.gov/authorities/names/no93017967</marc:subfield>
      </marc:datafield>
      <marc:datafield tag="720" ind1=" " ind2=" ">
         <marc:subfield code="a"/>
         <marc:subfield code="e">Writer</marc:subfield>
      </marc:datafield>
      <marc:datafield tag="260" ind1=" " ind2=" ">
         <marc:subfield code="c">1999</marc:subfield>
      </marc:datafield>
      <marc:datafield tag="260" ind1=" " ind2=" ">
         <marc:subfield code="c">1966-10-14</marc:subfield>
      </marc:datafield>
      <marc:datafield tag="260" ind1=" " ind2=" ">
         <marc:subfield code="c">1966-6-16</marc:subfield>
      </marc:datafield>
      <marc:datafield tag="520" ind1=" " ind2=" ">
         <marc:subfield code="a">In 1966, a year before he rose to overnight fame in The Graduate, Dustin
         Hoffman won an Obie Award for his performance in Journey of the Fifth Horse, a stage
         adaptation by Ronald Ribman of the story "Diary of a Superfluous Man" by Ivan Turgenev. The
         play was videotaped for public television that same year. Setting: Late 19th century,
         Petersburg, Russia. Dmitri Zoditch (Dustin Hoffman) is a lower-level manuscript reader for
         a large publishing company, and while he's in love with the daughter (Susan Anspach) of the
         firm's deceased founder, he lacks the courage to court her. The diary of a second-rate
         nobleman who has fallen on hard times, Nikolai Alexeyevich Chulkaturin (Michael Tolan), has
         been submitted for publication, and the manuscript is given to Zoditch for appraisal. Told
         he must read the work in one night, Zoditch soon finds himself drawn into the world of the
         bitter Chulkaturin, whose angst is a compliment for the insignificance of Zoditch's own
         life. Additional cast: Charlotte Rae. Four-act play. (Summary from The New York Times Web
         site, http://www.nytimes.com/movies/movie/260021/The-Journey-of-the-Fifth-Horse/overview,
         viewed July 1, 2015) From NET microfiche: Program Description: Ronald Ribman's "The Journey
         of the Fifth Horse," winner of an Obie Award as the best Off-Broadway play of the 1965-66
         season, was first presented at the American Place Theater. The National Educational
         Television production is performed by the original cast, which includes Dustin Hoffman,
         winner of a best-actor Obie for his performance in it. The play is based partially on Ivan
         Turgenev's short novel, "The Diary of a Superfluous Man," from which the title is drawn.
         "The fifth horse" is the equivalent of the expression "fifth wheel.' Chulkaturin, a
         landowner who dies young, leaves behind him a diary that tells the story of his life,
         which, if it had never been lived, would have made no difference to anyone. The sick man
         instructs his old maidservant to burn the diary on his death. At this point Mr. Ribman has
         added a matching story to the Turgenev tale. He has imagined that the greedy servant,
         instead of burning the manuscript, takes it to a publisher in the hope of selling it. The
         publisher's chief reader is a fussy little daydreaming bachelor, Zoditch, whose life
         parallels that of the man he is reading about. The play moves in three strands: the life of
         the reader, the fantasies of the reader, and the life of the dead man, Chulkaturin. At last
         the reader and Chulkaturin confront each other, and the reader insists that he has
         succeeded where the other has failed - in being loved. But this is not true. Both men are
         superfluous, though for different reasons. The Cast: Dustin Hoffman - Zoditch Michael Tolan
         - Chulkaturin Charlotte Rae - Terentievna Susan Anspach - Miss Grubov (also Elizaveta) Lee
         Wallace - Pandalevski (also Bizmionkov) Mark Hammer - Dr. Korvin Nicholas Saunders -
         Kirilla Marveich Ozhogin Martha Greenhouse- Anna Nikitishna Ozhogin Jack Aaron - Gregory
         THE JOURNEY OF THE FIFTH HORSE is a National Educational Television production, executive
         producer: Jac Venza, staged by Larry Arrick, television direction by Earl Dawson, costumes
         by Kert Lundell, settings by Charles Rosen.</marc:subfield>
      </marc:datafield>
      <marc:datafield tag="337" ind1=" " ind2=" ">
         <marc:subfield code="a">Moving Image</marc:subfield>
         <marc:subfield code="2">MAVIS media type controlled vocabulary</marc:subfield>
      </marc:datafield>
      <marc:datafield tag="024" ind1="8" ind2=" ">
         <marc:subfield code="a">1826433</marc:subfield>
         <marc:subfield code="2">MAVIS Title Number</marc:subfield>
      </marc:datafield>
      <marc:datafield tag="024" ind1="8" ind2=" ">
         <marc:subfield code="a">PA1-149-136 (VAJ
         9401-9402)</marc:subfield>
         <marc:subfield code="2">Copyright Registration Number</marc:subfield>
      </marc:datafield>
      <marc:datafield tag="024" ind1="8" ind2=" ">
         <marc:subfield code="a">JRFH</marc:subfield>
         <marc:subfield code="2">NET/PBS NOLA</marc:subfield>
      </marc:datafield>
      <marc:datafield tag="024" ind1="8" ind2=" ">
         <marc:subfield code="a">1</marc:subfield>
         <marc:subfield code="2">NET/PBS number</marc:subfield>
      </marc:datafield>
      <marc:datafield tag="024" ind1="8" ind2=" ">
         <marc:subfield code="a">0</marc:subfield>
         <marc:subfield code="2">NET/PBS number</marc:subfield>
      </marc:datafield>
      <marc:datafield tag="546" ind1=" " ind2=" ">
         <marc:subfield code="a">English</marc:subfield>
      </marc:datafield>
      <marc:datafield tag="245" ind1="0" ind2="0">
         <marc:subfield code="a">The journey of the fifth horse.</marc:subfield>
         <marc:subfield code="b">a production of National Educational
         Television ; directed for television by Larry Arrick and Earl Dawson ; writer, Ronald
         Ribman.</marc:subfield>
      </marc:datafield>
      <marc:datafield tag="246" ind1="3" ind2="3">
         <marc:subfield code="a">NET playhouse. The journey of the fifth
         horse.</marc:subfield>
      </marc:datafield>
      <marc:datafield tag="655" ind1=" " ind2="0">
         <marc:subfield code="a">Television adaptations
         (lcgft)</marc:subfield>
         <marc:subfield code="0">http://id.loc.gov/authorities/genreForms/gf2011026653\n</marc:subfield>
      </marc:datafield>
      <marc:datafield tag="655" ind1=" " ind2="0">
         <marc:subfield code="a">Anthology television programs
         (lcgft)</marc:subfield>
         <marc:subfield code="0">http://id.loc.gov/authorities/genreForms/gf2011026052</marc:subfield>
      </marc:datafield>
      <marc:datafield tag="655" ind1=" " ind2="0">
         <marc:subfield code="a">Fiction television programs
         (lcgft)</marc:subfield>
         <marc:subfield code="0">http://id.loc.gov/authorities/genreForms/gf2011026252\n</marc:subfield>
      </marc:datafield>
   </marc:record>