
   <marc:record>
      <marc:leader>      am         3u     </marc:leader>
      <marc:datafield tag="042" ind1=" " ind2=" ">
         <marc:subfield code="a">dc</marc:subfield>
      </marc:datafield>
      <marc:datafield tag="720" ind1=" " ind2=" ">
         <marc:subfield code="a">Niemczyk, Leon</marc:subfield>
         <marc:subfield code="e">Cast/Actor</marc:subfield>
         <marc:subfield code="0">http://id.loc.gov/authorities/names/nr2002001673</marc:subfield>
      </marc:datafield>
      <marc:datafield tag="720" ind1=" " ind2=" ">
         <marc:subfield code="a">Umecka,
         Jolanta</marc:subfield>
         <marc:subfield code="e">Cast/Actor</marc:subfield>
         <marc:subfield code="0">http://id.loc.gov/authorities/names/nr2002001674</marc:subfield>
      </marc:datafield>
      <marc:datafield tag="720" ind1=" " ind2=" ">
         <marc:subfield code="a">Malanowicz, Zygmunt</marc:subfield>
         <marc:subfield code="e">Cast/Actor</marc:subfield>
         <marc:subfield code="0">http://id.loc.gov/authorities/names/nr2002001678</marc:subfield>
      </marc:datafield>
      <marc:datafield tag="720" ind1=" " ind2=" ">
         <marc:subfield code="a">Lipman, Jerzy</marc:subfield>
         <marc:subfield code="e">Cinematographer/Director of Photography</marc:subfield>
         <marc:subfield code="0">http://id.loc.gov/authorities/names/no2007000391</marc:subfield>
      </marc:datafield>
      <marc:datafield tag="720" ind1=" " ind2=" ">
         <marc:subfield code="a">National
         Educational Television and Radio Center</marc:subfield>
         <marc:subfield code="e">Presenter</marc:subfield>
         <marc:subfield code="0">http://id.loc.gov/authorities/names/n80050382</marc:subfield>
      </marc:datafield>
      <marc:datafield tag="720" ind1=" " ind2=" ">
         <marc:subfield code="a">Kanawha Films</marc:subfield>
         <marc:subfield code="e">Distributor/Release Co.</marc:subfield>
      </marc:datafield>
      <marc:datafield tag="720" ind1=" " ind2=" ">
         <marc:subfield code="a">Janus Films</marc:subfield>
         <marc:subfield code="e">Distributor/Release Co.</marc:subfield>
         <marc:subfield code="0">http://id.loc.gov/authorities/names/n81074742</marc:subfield>
      </marc:datafield>
      <marc:datafield tag="720" ind1=" " ind2=" ">
         <marc:subfield code="a">Zylewicz, Stanislaw</marc:subfield>
         <marc:subfield code="e">Producer</marc:subfield>
      </marc:datafield>
      <marc:datafield tag="720" ind1=" " ind2=" ">
         <marc:subfield code="a">Zespoly Filmowe Kamera</marc:subfield>
         <marc:subfield code="e">Production Company</marc:subfield>
      </marc:datafield>
      <marc:datafield tag="720" ind1=" " ind2=" ">
         <marc:subfield code="a">Polanski,
         Roman</marc:subfield>
         <marc:subfield code="e">Director</marc:subfield>
         <marc:subfield code="0">http://id.loc.gov/authorities/names/n79006350</marc:subfield>
      </marc:datafield>
      <marc:datafield tag="720" ind1=" " ind2=" ">
         <marc:subfield code="a">Skolimowski, Jerzy</marc:subfield>
         <marc:subfield code="e">Screenwriter</marc:subfield>
         <marc:subfield code="0">http://id.loc.gov/authorities/names/n86041326</marc:subfield>
      </marc:datafield>
      <marc:datafield tag="720" ind1=" " ind2=" ">
         <marc:subfield code="a">Hamilton, Joseph</marc:subfield>
         <marc:subfield code="e">Producer</marc:subfield>
      </marc:datafield>
      <marc:datafield tag="260" ind1=" " ind2=" ">
         <marc:subfield code="c">1967-2-3</marc:subfield>
      </marc:datafield>
      <marc:datafield tag="260" ind1=" " ind2=" ">
         <marc:subfield code="c">1967-8-25</marc:subfield>
      </marc:datafield>
      <marc:datafield tag="260" ind1=" " ind2=" ">
         <marc:subfield code="c">1962-3-9</marc:subfield>
      </marc:datafield>
      <marc:datafield tag="520" ind1=" " ind2=" ">
         <marc:subfield code="a">Andrzej (Leon Niemczyk) and Krystyna (Jolanta Umecka) are driving to a lake to
         go sailing when they come upon a young man (Zygmunt Malanowicz) hitchhiking in the middle
         of the road. After nearly hitting him, Andrzej invites the young man along. When they
         arrive at the lake, instead of leaving the young man behind, Andrzej invites him to go
         sailing with them. The young man accepts the offer, and, not knowing much about sailing,
         must learn many hard lessons from Andrzej. Meanwhile, tension gradually builds between
         Andrzej and the hitchhiker as they vie for the attentions of Krystyna. The title refers to
         the major turning point in the film when Andrzej taunts the young man with the latter's
         treasured pocket knife, which is accidentally lost overboard. A fight ensues between
         Andrzej and the hitchhiker and the latter falls into the water. Andrzej and his wife search
         for him, but cannot find him and assume that he has drowned, since earlier he said that he
         could not swim. Andrzej and his wife quarrel about what to do, and Andrzej swims to shore
         to fetch the police. When the young man realizes that Andrzej has gone he comes out from
         hiding behind a buoy on the lake and swims to the yacht. There he sees Krystyna naked
         drying off. He boards the yacht and Krystyna tells him he is as bad as Andrzej but sexual
         attraction wins out and they have sex, off screen. Krystyna sails back to the dock, the man
         jumps off and goes on his way before Andrzej appears and takes charge again. He wants to go
         to the police to report the young man missing. Krystyna tells him that the young man
         returned and she was unfaithful. Andrzej does not know what to believe and at the road
         junction the car does not move. From NET microfiche: Program Description: "Knife in the
         Water," winner from Poland of the International Film Critics Award at the 1962 Venice Film
         Festival, deals with a psychological crisis involving three forceful personalities locked
         together on a small boat: the boat's owner, Andrzej, a successful sportswriter who flaunts
         his possessions, sailing skill and ultimate physical ability; Christine, his provocative,
         but cool and disdainful wife; and a rebellious young stranger. Close to the end of their
         24-hour cruise, tension between the men erupts over the boy's one important possession, a
         knife. The boy, who had earlier claimed that he could not swim, is flung overboard and
         disappears. After a brief search for him, Andrzej rushes off, presumably to notify the
         police. With the husband gone, the boy - who had been hiding - reappears. He is wet, he is
         cold. Angry but relieved, Christine comforts him and eventually they make love. The boat
         puts into shore; the boy disembarks; Christine looks for her husband to tell him the trip
         to the police is not necessary as the young man is safe. But he feels that she is merely
         trying to protect him, and so in order to convince him of the boy's safety Christine tells
         him of her brief affair. Andrzej is left to make the uncomfortable choice between his own
         guilt and his wife's unfaithfulness. "Knife in the Water" is in Polish with English
         subtitles. The Cast: Andrzej - Leon Niemczyk Christine - Jolanta Umecka Young man - Zygmunt
         Malanowicz KNIFE IN THE WATER is a National Educational Television presentation. Director:
         Roman Polanski Screenplay: Roman Polanski, Jerzy Skolimowski,Jakub Goldberg Director of
         Photography: Jerzy Lipman Cameraman: Andrzej gronau Produced by: Kamera Unit of Film Polski
         Released by: Kanawha Films Ltd. NET Producer: Tom Slevin</marc:subfield>
      </marc:datafield>
      <marc:datafield tag="337" ind1=" " ind2=" ">
         <marc:subfield code="a">Moving Image</marc:subfield>
         <marc:subfield code="2">MAVIS media type controlled vocabulary</marc:subfield>
      </marc:datafield>
      <marc:datafield tag="024" ind1="8" ind2=" ">
         <marc:subfield code="a">1991246</marc:subfield>
         <marc:subfield code="2">MAVIS Title Number</marc:subfield>
      </marc:datafield>
      <marc:datafield tag="024" ind1="8" ind2=" ">
         <marc:subfield code="a">18 (NET microfiche)</marc:subfield>
         <marc:subfield code="2">NET/PBS number</marc:subfield>
      </marc:datafield>
      <marc:datafield tag="024" ind1="8" ind2=" ">
         <marc:subfield code="a">178144</marc:subfield>
         <marc:subfield code="2">Former MAVIS number</marc:subfield>
      </marc:datafield>
      <marc:datafield tag="024" ind1="8" ind2=" ">
         <marc:subfield code="a">NPKW</marc:subfield>
         <marc:subfield code="2">NET/PBS NOLA</marc:subfield>
      </marc:datafield>
      <marc:datafield tag="024" ind1="8" ind2=" ">
         <marc:subfield code="a">0 (PBS-1994.xls Excel spreadsheet)</marc:subfield>
         <marc:subfield code="2">NET/PBS number</marc:subfield>
      </marc:datafield>
      <marc:datafield tag="546" ind1=" " ind2=" ">
         <marc:subfield code="a">Polish</marc:subfield>
      </marc:datafield>
      <marc:datafield tag="653" ind1=" " ind2=" ">
         <marc:subfield code="a">Man-woman relationships</marc:subfield>
         <marc:subfield code="0">http://id.loc.gov/authorities/subjects/sh92001504</marc:subfield>
      </marc:datafield>
      <marc:datafield tag="245" ind1="0" ind2="0">
         <marc:subfield code="a">Knife in the
         water.</marc:subfield>
         <marc:subfield code="b">Film Polski, Warsaw; produced by Stanislaw
         Zylewicz ; directed by Roman Polanski ; written by Jerzy Skolimowski, Roman Polanski, Jakub
         Goldberg.</marc:subfield>
      </marc:datafield>
      <marc:datafield tag="246" ind1="3" ind2="3">
         <marc:subfield code="a">Noz w
         wodzie.</marc:subfield>
      </marc:datafield>
      <marc:datafield tag="246" ind1="3" ind2="3">
         <marc:subfield code="a">A knife in the water.</marc:subfield>
      </marc:datafield>
      <marc:datafield tag="246" ind1="3" ind2="3">
         <marc:subfield code="a">NET playhouse. Knife in the water.</marc:subfield>
      </marc:datafield>
      <marc:datafield tag="246" ind1="3" ind2="3">
         <marc:subfield code="a">NET playhouse. A knife in the water.</marc:subfield>
      </marc:datafield>
      <marc:datafield tag="246" ind1="3" ind2="3">
         <marc:subfield code="a">NET playhouse. [No. 18], Knife in the
         water.</marc:subfield>
      </marc:datafield>
      <marc:datafield tag="655" ind1=" " ind2="0">
         <marc:subfield code="a">Feature films (lcgft)</marc:subfield>
         <marc:subfield code="0">http://id.loc.gov/authorities/genreForms/gf2011026247</marc:subfield>
      </marc:datafield>
      <marc:datafield tag="655" ind1=" " ind2="0">
         <marc:subfield code="a">Fiction films (lcgft)</marc:subfield>
         <marc:subfield code="0">http://id.loc.gov/authorities/genreForms/gf2011026250\n</marc:subfield>
      </marc:datafield>
      <marc:datafield tag="655" ind1=" " ind2="0">
         <marc:subfield code="a">Fiction television programs
         (lcgft)</marc:subfield>
         <marc:subfield code="0">http://id.loc.gov/authorities/genreForms/gf2011026252\n</marc:subfield>
      </marc:datafield>
   </marc:record>