
   <marc:record>
      <marc:leader>      am         3u     </marc:leader>
      <marc:datafield tag="042" ind1=" " ind2=" ">
         <marc:subfield code="a">dc</marc:subfield>
      </marc:datafield>
      <marc:datafield tag="720" ind1=" " ind2=" ">
         <marc:subfield code="a">Antonioni, Michelangelo</marc:subfield>
         <marc:subfield code="e">Screenplay</marc:subfield>
         <marc:subfield code="0">http://id.loc.gov/authorities/names/n79106426</marc:subfield>
      </marc:datafield>
      <marc:datafield tag="720" ind1=" " ind2=" ">
         <marc:subfield code="a">Bartolini, Elio</marc:subfield>
         <marc:subfield code="e">Screenplay</marc:subfield>
         <marc:subfield code="0">http://id.loc.gov/authorities/names/n78096145</marc:subfield>
      </marc:datafield>
      <marc:datafield tag="720" ind1=" " ind2=" ">
         <marc:subfield code="a">Ferzetti, Gabriele</marc:subfield>
         <marc:subfield code="e">Cast/Actor</marc:subfield>
         <marc:subfield code="0">http://id.loc.gov/authorities/names/no96058654</marc:subfield>
      </marc:datafield>
      <marc:datafield tag="720" ind1=" " ind2=" ">
         <marc:subfield code="a">Scavarda,
         Aldo</marc:subfield>
         <marc:subfield code="e">Cinematographer/Director of Photography</marc:subfield>
         <marc:subfield code="0">http://id.loc.gov/authorities/names/no2002068608</marc:subfield>
      </marc:datafield>
      <marc:datafield tag="720" ind1=" " ind2=" ">
         <marc:subfield code="a">National Educational Television and Radio Center</marc:subfield>
         <marc:subfield code="e">Broadcaster</marc:subfield>
         <marc:subfield code="0">http://id.loc.gov/authorities/names/n80050382</marc:subfield>
      </marc:datafield>
      <marc:datafield tag="720" ind1=" " ind2=" ">
         <marc:subfield code="a">Janus Films</marc:subfield>
         <marc:subfield code="e">Distributor/Release Co.</marc:subfield>
         <marc:subfield code="0">http://id.loc.gov/authorities/names/n81074742</marc:subfield>
      </marc:datafield>
      <marc:datafield tag="720" ind1=" " ind2=" ">
         <marc:subfield code="a">Guerra,
         Tonino</marc:subfield>
         <marc:subfield code="e">Screenplay</marc:subfield>
         <marc:subfield code="0">http://id.loc.gov/authorities/names/n50018304</marc:subfield>
      </marc:datafield>
      <marc:datafield tag="720" ind1=" " ind2=" ">
         <marc:subfield code="a">Fusco,
         Giovanni</marc:subfield>
         <marc:subfield code="e">Music</marc:subfield>
         <marc:subfield code="0">http://id.loc.gov/authorities/names/n85327171</marc:subfield>
      </marc:datafield>
      <marc:datafield tag="720" ind1=" " ind2=" ">
         <marc:subfield code="a">Massari, Lea</marc:subfield>
         <marc:subfield code="e">Cast/Actor</marc:subfield>
         <marc:subfield code="0">http://id.loc.gov/authorities/names/no96064456</marc:subfield>
      </marc:datafield>
      <marc:datafield tag="720" ind1=" " ind2=" ">
         <marc:subfield code="a">Vitti,
         Monica</marc:subfield>
         <marc:subfield code="e">Cast/Actor</marc:subfield>
         <marc:subfield code="0">http://id.loc.gov/authorities/names/no94039915</marc:subfield>
      </marc:datafield>
      <marc:datafield tag="720" ind1=" " ind2=" ">
         <marc:subfield code="a">Antonioni,
         Michelangelo</marc:subfield>
         <marc:subfield code="e">Director</marc:subfield>
         <marc:subfield code="0">http://id.loc.gov/authorities/names/n79106426</marc:subfield>
      </marc:datafield>
      <marc:datafield tag="720" ind1=" " ind2=" ">
         <marc:subfield code="a">Pennasilico,
         Amato</marc:subfield>
         <marc:subfield code="e">Producer</marc:subfield>
         <marc:subfield code="0">http://id.loc.gov/authorities/names/no2010069675</marc:subfield>
      </marc:datafield>
      <marc:datafield tag="260" ind1=" " ind2=" ">
         <marc:subfield code="c">1966</marc:subfield>
      </marc:datafield>
      <marc:datafield tag="260" ind1=" " ind2=" ">
         <marc:subfield code="c">1960</marc:subfield>
      </marc:datafield>
      <marc:datafield tag="520" ind1=" " ind2=" ">
         <marc:subfield code="a">From Wikipedia: L'Avventura is a 1960 Italian film directed by Michelangelo
         Antonioni and starring Gabriele Ferzetti, Monica Vitti, and Lea Massari. Developed from a
         story by Antonioni, the film is about a young woman's disappearance during a boating trip
         in the Mediterranean. Her lover and her best friend, during the subsequent search for her,
         become attracted to each other. The film is noted for its careful pacing, which puts a
         focus on visual composition and character development, as well as for its unusual narrative
         structure. According to an Antonioni obituary, the film "systematically subverted the
         filmic codes, practices and structures in currency at its time." Filmed on location in
         Rome, the Aeolian Islands, and Sicily in 1959 under difficult financial and physical
         conditions, L'Avventura made Monica Vitti an international star.[3] The film was nominated
         for numerous awards and was awarded the Jury Prize at the 1960 Cannes Film
         Festival.L'Avventura is the first film of a trilogy by Antonioni, followed by La Notte
         (1961) and L'Eclisse (1962). From NET microfiche: Antonioni's Masterpiece - received by
         critics as a landmark in the history of the cinema. From a deceptively simple plot: (during
         a yachting trip off Sicily a young woman disappears. Her lover searches for her
         unsuccessfully, meanwhile falling in love with her best friend. She in turn finally
         discovers him with another woman and the film ends with her expression of pity) the film
         achieves in cinematic terms the subtlety and complexity of a good novel.</marc:subfield>
      </marc:datafield>
      <marc:datafield tag="337" ind1=" " ind2=" ">
         <marc:subfield code="a">Moving Image</marc:subfield>
         <marc:subfield code="2">MAVIS media type controlled vocabulary</marc:subfield>
      </marc:datafield>
      <marc:datafield tag="024" ind1="8" ind2=" ">
         <marc:subfield code="a">2411606</marc:subfield>
         <marc:subfield code="2">MAVIS Title Number</marc:subfield>
      </marc:datafield>
      <marc:datafield tag="024" ind1="8" ind2=" ">
         <marc:subfield code="a">LAVN</marc:subfield>
         <marc:subfield code="2">NET/PBS NOLA</marc:subfield>
      </marc:datafield>
      <marc:datafield tag="024" ind1="8" ind2=" ">
         <marc:subfield code="a">0</marc:subfield>
         <marc:subfield code="2">NET/PBS number</marc:subfield>
      </marc:datafield>
      <marc:datafield tag="546" ind1=" " ind2=" ">
         <marc:subfield code="a">English</marc:subfield>
      </marc:datafield>
      <marc:datafield tag="653" ind1=" " ind2=" ">
         <marc:subfield code="a">Man-woman relationships</marc:subfield>
         <marc:subfield code="0">http://id.loc.gov/authorities/subjects/sh92001504</marc:subfield>
      </marc:datafield>
      <marc:datafield tag="653" ind1=" " ind2=" ">
         <marc:subfield code="a">Missing persons</marc:subfield>
         <marc:subfield code="0">http://id.loc.gov/authorities/subjects/sh85086014</marc:subfield>
      </marc:datafield>
      <marc:datafield tag="245" ind1="0" ind2="0">
         <marc:subfield code="a">L'Avventura.</marc:subfield>
         <marc:subfield code="b">[presentation of National Educational
         Television] ; producer, Amato Pennasilico ; director, Michelangelo Antonioni ; screenplay,
         Michelangelo Antonioni, Elio Bartolini ; Tonino Guerra.</marc:subfield>
      </marc:datafield>
      <marc:datafield tag="246" ind1="3" ind2="3">
         <marc:subfield code="a">The Adventure.</marc:subfield>
      </marc:datafield>
      <marc:datafield tag="246" ind1="3" ind2="3">
         <marc:subfield code="a">NET playhouse.
         L'Avventura.</marc:subfield>
      </marc:datafield>
      <marc:datafield tag="246" ind1="3" ind2="3">
         <marc:subfield code="a">Avventura, L'</marc:subfield>
      </marc:datafield>
      <marc:datafield tag="655" ind1=" " ind2="0">
         <marc:subfield code="a">Detective and mystery television
         programs (lcgft)</marc:subfield>
         <marc:subfield code="0">http://id.loc.gov/authorities/genreForms/gf2011026197</marc:subfield>
      </marc:datafield>
      <marc:datafield tag="655" ind1=" " ind2="0">
         <marc:subfield code="a">Feature films (lcgft)</marc:subfield>
         <marc:subfield code="0">http://id.loc.gov/authorities/genreForms/gf2011026247</marc:subfield>
      </marc:datafield>
      <marc:datafield tag="655" ind1=" " ind2="0">
         <marc:subfield code="a">Fiction television programs
         (lcgft)</marc:subfield>
         <marc:subfield code="0">http://id.loc.gov/authorities/genreForms/gf2011026252\n</marc:subfield>
      </marc:datafield>
      <marc:datafield tag="655" ind1=" " ind2="0">
         <marc:subfield code="a">Romance television programs
         (lcgft)</marc:subfield>
         <marc:subfield code="0">http://id.loc.gov/authorities/genreForms/gf2011026544\n</marc:subfield>
      </marc:datafield>
   </marc:record>