
   <marc:record>
      <marc:leader>      am         3u     </marc:leader>
      <marc:datafield tag="042" ind1=" " ind2=" ">
         <marc:subfield code="a">dc</marc:subfield>
      </marc:datafield>
      <marc:datafield tag="720" ind1=" " ind2=" ">
         <marc:subfield code="a">Cooke,
         Alistair</marc:subfield>
         <marc:subfield code="e">Narrator</marc:subfield>
         <marc:subfield code="0">http://id.loc.gov/authorities/names/n79089555</marc:subfield>
      </marc:datafield>
      <marc:datafield tag="720" ind1=" " ind2=" ">
         <marc:subfield code="a">National Educational Television and Radio Center</marc:subfield>
         <marc:subfield code="e">Broadcaster</marc:subfield>
         <marc:subfield code="0">http://id.loc.gov/authorities/names/n80050382</marc:subfield>
      </marc:datafield>
      <marc:datafield tag="720" ind1=" " ind2=" ">
         <marc:subfield code="a">Intertel</marc:subfield>
         <marc:subfield code="e">Undetermined</marc:subfield>
         <marc:subfield code="0">http://id.loc.gov/authorities/names/nr98038189</marc:subfield>
      </marc:datafield>
      <marc:datafield tag="720" ind1=" " ind2=" ">
         <marc:subfield code="a">Cooke,
         Alistair</marc:subfield>
         <marc:subfield code="e">Writer</marc:subfield>
         <marc:subfield code="0">http://id.loc.gov/authorities/names/n79089555</marc:subfield>
      </marc:datafield>
      <marc:datafield tag="720" ind1=" " ind2=" ">
         <marc:subfield code="a">Associated-Rediffusion (Firm)</marc:subfield>
         <marc:subfield code="e">Production Company</marc:subfield>
         <marc:subfield code="0">http://id.loc.gov/authorities/names/no98104484</marc:subfield>
      </marc:datafield>
      <marc:datafield tag="720" ind1=" " ind2=" ">
         <marc:subfield code="a">Holtzman, Boris</marc:subfield>
         <marc:subfield code="e">Producer</marc:subfield>
      </marc:datafield>
      <marc:datafield tag="720" ind1=" " ind2=" ">
         <marc:subfield code="a">Beattie, Randal</marc:subfield>
         <marc:subfield code="e">Director</marc:subfield>
      </marc:datafield>
      <marc:datafield tag="720" ind1=" " ind2=" ">
         <marc:subfield code="a">Windlesham, David James George Hennessy</marc:subfield>
         <marc:subfield code="e">Executive Producer</marc:subfield>
         <marc:subfield code="0">http://id.loc.gov/authorities/names/n80139620</marc:subfield>
      </marc:datafield>
      <marc:datafield tag="260" ind1=" " ind2=" ">
         <marc:subfield code="c">1966-12-5</marc:subfield>
      </marc:datafield>
      <marc:datafield tag="520" ind1=" " ind2=" ">
         <marc:subfield code="a">From NET microfiche: The lion of the title is England; the eagle is the United
         States. Its writer and narrator, Alistair Cooke, was present as a young reporter in the
         White House when President Roosevelt announced the destruction of the American fleet at
         Pearl Harbor. Commemorating the 25th anniversary of this event, Mr. Cooke reviews the
         shifting Anglo-American Alliance - a relationship that has "been maintained down three
         centuries by an odd mixture of feelings: by affection, curiosity, envy, ridicule and
         admiration. For the duration of the war, the alliance was "as firm as it would ever be. For
         its aim was grand and simple: survival and victory." Since 1945, there have been events
         that strained the alliance - such as the Suez Crisis of 1956, the Cuban missile crisis of
         1962, and the "desire of a renovated and recovered Europe to brush aside the protective
         umbrella of America's missiles and her spreading armies of occupation." This period has
         marked a significant change in the relative power of the two countries. Says Cooke: "1943
         is a watershed, down one side of which British power declined, as up the other side climbed
         the new power of the United States." And yet the alliance has remained firm - a source of
         irritation to detractors such as President de Gaulle, a source of united strength for the
         West. The Cold War has underlined its political relevance; but the common roots of the two
         peoples have buttressed it. 1) Film clips from World War II are prominent in the program.
         From these clips emerge the voices of history - Neville Chamberlain, Franklin Roosevelt,
         Wendell Willkie, Charles Lindbergh, Winston Churchill, Douglas McArthur, Harry Truman,
         Joseph McCarthy, John Foster Dulles, John F. Kennedy, Lyndon Johnson, William Fulbright,
         Dean Rusk. Post-war significance is attached to such events as the raising of the Iron
         Curtain; the counter effect of NATO; the Korean war, and its twin phenomena of Eisenhower
         the presider and McCarthy the Commie-catcher; the Suez crisis, signifying the further
         decline of the British Empire and the nadir of Anglo-American relations; the Common Market;
         the Berlin crisis; the Cuban crisis; the assassination of Kennedy and the succession of
         Johnson; and now the war in Vietnam. NET Journal -- "The Lion and the Eagle" is a 1966
         National Educational Television presentation, produced for Intertel by Rediffusion, London.
         Executive producer: Lord David Windlesham. Director: Randal Beattie. NET producer: Boris
         Holtzman.</marc:subfield>
      </marc:datafield>
      <marc:datafield tag="337" ind1=" " ind2=" ">
         <marc:subfield code="a">Moving Image</marc:subfield>
         <marc:subfield code="2">MAVIS media type controlled vocabulary</marc:subfield>
      </marc:datafield>
      <marc:datafield tag="024" ind1="8" ind2=" ">
         <marc:subfield code="a">2332649</marc:subfield>
         <marc:subfield code="2">MAVIS Title Number</marc:subfield>
      </marc:datafield>
      <marc:datafield tag="024" ind1="8" ind2=" ">
         <marc:subfield code="a">LIEA</marc:subfield>
         <marc:subfield code="2">NET/PBS NOLA</marc:subfield>
      </marc:datafield>
      <marc:datafield tag="024" ind1="8" ind2=" ">
         <marc:subfield code="a">1</marc:subfield>
         <marc:subfield code="2">NET/PBS number</marc:subfield>
      </marc:datafield>
      <marc:datafield tag="546" ind1=" " ind2=" ">
         <marc:subfield code="a">English</marc:subfield>
      </marc:datafield>
      <marc:datafield tag="653" ind1=" " ind2=" ">
         <marc:subfield code="a">Great Britain--Foreign relations--United
         States</marc:subfield>
         <marc:subfield code="0">http://id.loc.gov/authorities/subjects/sh2007100252</marc:subfield>
      </marc:datafield>
      <marc:datafield tag="653" ind1=" " ind2=" ">
         <marc:subfield code="a">United States--Foreign relations--Great
         Britain</marc:subfield>
         <marc:subfield code="0">http://id.loc.gov/authorities/subjects/sh2007100124</marc:subfield>
      </marc:datafield>
      <marc:datafield tag="245" ind1="0" ind2="0">
         <marc:subfield code="a">The lion and the eagle.</marc:subfield>
         <marc:subfield code="b">For Intertel by Rediffusion, London ; NET
         producer, Boris Holtzman ; director, Randal Beattie ; writer, Alistair Cooke.</marc:subfield>
      </marc:datafield>
      <marc:datafield tag="246" ind1="3" ind2="3">
         <marc:subfield code="a">The eagle and the lion.</marc:subfield>
      </marc:datafield>
      <marc:datafield tag="246" ind1="3" ind2="3">
         <marc:subfield code="a">Intertel. [No.
         40], The lion and the eagle.</marc:subfield>
      </marc:datafield>
      <marc:datafield tag="246" ind1="3" ind2="3">
         <marc:subfield code="a">NET journal. The
         lion and the eagle.</marc:subfield>
      </marc:datafield>
      <marc:datafield tag="246" ind1="3" ind2="3">
         <marc:subfield code="a">The lion and the eagle. (NET
         journal).</marc:subfield>
      </marc:datafield>
      <marc:datafield tag="655" ind1=" " ind2="0">
         <marc:subfield code="a">Documentary television programs
         (lcgft)</marc:subfield>
         <marc:subfield code="0">http://id.loc.gov/authorities/genreForms/gf2011026207</marc:subfield>
      </marc:datafield>
      <marc:datafield tag="655" ind1=" " ind2="0">
         <marc:subfield code="a">Educational television programs
         (lcgft)</marc:subfield>
         <marc:subfield code="0">http://id.loc.gov/authorities/genreForms/gf2011026221\n</marc:subfield>
      </marc:datafield>
      <marc:datafield tag="655" ind1=" " ind2="0">
         <marc:subfield code="a">Nonfiction television programs
         (lcgft)</marc:subfield>
         <marc:subfield code="0">http://id.loc.gov/authorities/genreForms/gf2011026425</marc:subfield>
      </marc:datafield>
      <marc:datafield tag="655" ind1=" " ind2="0">
         <marc:subfield code="a">War television programs
         (lcgft)</marc:subfield>
         <marc:subfield code="0">http://id.loc.gov/authorities/genreForms/gf2011026731\n</marc:subfield>
      </marc:datafield>
   </marc:record>