
   <marc:record>
      <marc:leader>      am         3u     </marc:leader>
      <marc:datafield tag="042" ind1=" " ind2=" ">
         <marc:subfield code="a">dc</marc:subfield>
      </marc:datafield>
      <marc:datafield tag="720" ind1=" " ind2=" ">
         <marc:subfield code="a">Dee,
         Ruby</marc:subfield>
         <marc:subfield code="e">Cast/Actor</marc:subfield>
         <marc:subfield code="0">http://id.loc.gov/authorities/names/n82154795</marc:subfield>
      </marc:datafield>
      <marc:datafield tag="720" ind1=" " ind2=" ">
         <marc:subfield code="a">Freeman, Al, Jr., 1934-2012</marc:subfield>
         <marc:subfield code="e">Cast/Actor</marc:subfield>
         <marc:subfield code="0">http://id.loc.gov/authorities/names/no95033038</marc:subfield>
      </marc:datafield>
      <marc:datafield tag="720" ind1=" " ind2=" ">
         <marc:subfield code="a">Danner,
         Blythe</marc:subfield>
         <marc:subfield code="e">Cast/Actor</marc:subfield>
         <marc:subfield code="0">http://id.loc.gov/authorities/names/n83151608</marc:subfield>
      </marc:datafield>
      <marc:datafield tag="720" ind1=" " ind2=" ">
         <marc:subfield code="a">Fresco, Robert M.</marc:subfield>
         <marc:subfield code="e">Adapter/Dramatization</marc:subfield>
         <marc:subfield code="0">http://id.loc.gov/authorities/names/no99046232</marc:subfield>
      </marc:datafield>
      <marc:datafield tag="720" ind1=" " ind2=" ">
         <marc:subfield code="a">Scheider, Roy</marc:subfield>
         <marc:subfield code="e">Cast/Actor</marc:subfield>
         <marc:subfield code="0">http://id.loc.gov/authorities/names/n87860064</marc:subfield>
      </marc:datafield>
      <marc:datafield tag="720" ind1=" " ind2=" ">
         <marc:subfield code="a">Barrie,
         Barbara</marc:subfield>
         <marc:subfield code="e">Cast/Actor</marc:subfield>
         <marc:subfield code="0">http://id.loc.gov/authorities/names/n88283577</marc:subfield>
      </marc:datafield>
      <marc:datafield tag="720" ind1=" " ind2=" ">
         <marc:subfield code="a">McNeil,
         Claudia</marc:subfield>
         <marc:subfield code="e">Cast/Actor</marc:subfield>
         <marc:subfield code="0">http://id.loc.gov/authorities/names/n82154794</marc:subfield>
      </marc:datafield>
      <marc:datafield tag="720" ind1=" " ind2=" ">
         <marc:subfield code="a">Nemiroff,
         Robert</marc:subfield>
         <marc:subfield code="e">Writer</marc:subfield>
         <marc:subfield code="0">http://id.loc.gov/authorities/names/n50001175</marc:subfield>
      </marc:datafield>
      <marc:datafield tag="720" ind1=" " ind2=" ">
         <marc:subfield code="a">Fresco,
         Robert M.</marc:subfield>
         <marc:subfield code="e">Producer</marc:subfield>
         <marc:subfield code="0">http://id.loc.gov/authorities/names/no99046232</marc:subfield>
      </marc:datafield>
      <marc:datafield tag="720" ind1=" " ind2=" ">
         <marc:subfield code="a">Venza, Jac</marc:subfield>
         <marc:subfield code="e">Executive Producer</marc:subfield>
         <marc:subfield code="0">http://id.loc.gov/authorities/names/no93017967</marc:subfield>
      </marc:datafield>
      <marc:datafield tag="720" ind1=" " ind2=" ">
         <marc:subfield code="a">Hansberry, Lorraine</marc:subfield>
         <marc:subfield code="e">Author/Based on</marc:subfield>
         <marc:subfield code="0">http://id.loc.gov/authorities/names/n50017744</marc:subfield>
      </marc:datafield>
      <marc:datafield tag="720" ind1=" " ind2=" ">
         <marc:subfield code="a">Educational Broadcasting Corporation. NET Division</marc:subfield>
         <marc:subfield code="e">Production Company</marc:subfield>
         <marc:subfield code="0">http://id.loc.gov/authorities/names/n81076889</marc:subfield>
      </marc:datafield>
      <marc:datafield tag="260" ind1=" " ind2=" ">
         <marc:subfield code="c">1972-1-20</marc:subfield>
      </marc:datafield>
      <marc:datafield tag="520" ind1=" " ind2=" ">
         <marc:subfield code="a">From NET microfiche: "NET Playhouse Biography" begins a second season with its
         film of "To Be Young, Gifted and Black," adapted from the immensely successful stage
         production depicting the life and works of black playwright Lorraine Hansberry, who died of
         cancer in 1965 at the age of 34. Ruby Dee, Al Freeman Jr., Claudia McNeil, Barbara Barrie,
         Lauren Jones, Roy Scheider and Blythe Danner comprise the NET cast. Miss Hansberry's most
         famous work, "A Raisin in the Sun," made her the youngest American and the first black
         playwright to win the New York Drama Critics Circle Award (best play, 1959). The play later
         became a major motion picture and she won the Cannes Film Festival Award for the
         screenplay. "To Be Young, Gifted and Black" is a creation of the playwright's husband,
         Robert Nemiroff, who calls it the story of Miss Hansberry "in her own words." Woven
         together from her diaries and letters, and from portions of her plays, it relates her
         experiences growing up as a black artist in America, and the realization that her life
         would be ended prematurely. In NET's version, many scenes have been filmed on location to
         capture such episodes as Miss Hansberry's first visit to the South, her response to the
         streets of Harlem, and her bittersweet memories of a high school English teacher. The work
         is conceived in a complex, free-flowing style, with each member of the cast in turn
         conveying the thoughts of Miss Hansberry and portraying the people in her life and the
         characters she created, including those of "A Raisin in the Sun," "The Sign in Sidney
         Brunstein's Window," and "Les Blancs." "To Be Young, Gifted and Black" opened off-Broadway
         at Greenwich Village's Cherry Lane Theatre in 1969 to virtually unanimous praise from
         critics. Clive Barnes of the New York Times called it "wonderfully moving  One of the most
         provoking entertainments in New York." Since then the show has visited more than 120
         American cities and campuses. Academy Award-winning producer Robert M. Fresco adapted and
         produced "To Be Young, Gifted and Black" for NET Playhouse. The director, Michael A.
         Schultz, award-winning director of New York's Negro Ensemble Company, makes his television
         debut with the play. Fresco and a co-producer, Denis Sanders, won an Oscar for their
         documentary "Czechoslovakia '68." They also made television history for NET in 1970 with
         "Trail - The City and County of Denver vs. Lauren R. Watson," a four-part series marking
         the first time that an actual courtroom trial was seen on American TV screens nationwide.
         Schultz (who is Lauren Jones' husband) won off-Broadway's Obie Award for "The Song of the
         Lusitania Bogey" with the Negro Ensemble Company in 1968. Two years later he directed the
         same company in "Dream on Monkey Mountain," which won the Drama Critics Circle Award for
         best production. Schultz was also nominated for Broadway's Tony Award for "Does a Tiger
         Wear a Neckties?" in 1970. Notes on the cast: Ruby Dee and Claudia McNeil co-starred as
         Ruth and Lena Younger in both the stage and film versions of "A Raisin in the Sun" and they
         recreate portions of those roles in "To Be Young, Gifted and Black." Al Freeman Jr. was
         nominated for an Emmy for his role opposite Patty Duke in the TV film "My Sweet Charlie."
         Freeman both directs and stars in his latest film "Going Down Slow," based on a play
         entitled "Slave" by Amiri Braka (LeRoi Jones). Barbara Barrie recently starred on Broadway
         in "Company." In 1964 she won best actress honors at Cannes for "One Potato, Two Potato."
         Roy Scheider is currently seen as co-star of "The French Connection" and plays a supporting
         role in "Klute." Off-Broadway he was an Obie Award-winner for his part in "Stephen D."
         Blythe Danner received Broadway's 1970 Tony Award for best actress as co-star of
         "Butterflies are Free." Lauren Jones is currently on Braodway in Melvin van Peebles' "Ain't
         Supposed to Die a Natural Death' and was a tony Nominee for her role in "Does a Tiger Wear
         a Necktie?" Credits: "To Be Young, Gifted and Black" is a production of NET Division,
         Educational Broadcasting Corporation. Produced and adapted by Robert M. Fresco. Director:
         Michael Hochberg. NET Playhouse executive producer: Jac Venza.</marc:subfield>
      </marc:datafield>
      <marc:datafield tag="337" ind1=" " ind2=" ">
         <marc:subfield code="a">Moving Image</marc:subfield>
         <marc:subfield code="2">MAVIS media type controlled vocabulary</marc:subfield>
      </marc:datafield>
      <marc:datafield tag="024" ind1="8" ind2=" ">
         <marc:subfield code="a">2449075</marc:subfield>
         <marc:subfield code="2">MAVIS Title Number</marc:subfield>
      </marc:datafield>
      <marc:datafield tag="024" ind1="8" ind2=" ">
         <marc:subfield code="a">LORH</marc:subfield>
         <marc:subfield code="2">NET/PBS NOLA</marc:subfield>
      </marc:datafield>
      <marc:datafield tag="024" ind1="8" ind2=" ">
         <marc:subfield code="a">0 (PBS-1994.xls Excel spreadsheet)</marc:subfield>
         <marc:subfield code="2">NET/PBS number</marc:subfield>
      </marc:datafield>
      <marc:datafield tag="024" ind1="8" ind2=" ">
         <marc:subfield code="a">1 (NET microfiche)</marc:subfield>
         <marc:subfield code="2">NET/PBS number</marc:subfield>
      </marc:datafield>
      <marc:datafield tag="546" ind1=" " ind2=" ">
         <marc:subfield code="a">English</marc:subfield>
      </marc:datafield>
      <marc:datafield tag="653" ind1=" " ind2=" ">
         <marc:subfield code="a">African American dramatists</marc:subfield>
         <marc:subfield code="0">http://id.loc.gov/authorities/subjects/sh87003937</marc:subfield>
      </marc:datafield>
      <marc:datafield tag="653" ind1=" " ind2=" ">
         <marc:subfield code="a">Hansberry, Lorraine</marc:subfield>
         <marc:subfield code="0">http://id.loc.gov/authorities/names/n50017744</marc:subfield>
      </marc:datafield>
      <marc:datafield tag="245" ind1="0" ind2="0">
         <marc:subfield code="a">Lorraine Hansberry : To be young, gifted and
         black.</marc:subfield>
         <marc:subfield code="b">NET Division, Educational Broadcasting
         Corporation ; produced and adatped by Robert M. Fresco ; director, Michael Hochberg ;
         [writer, Robert Nemiroff] ; NET Playhouse executive producer, Jac Venza.</marc:subfield>
      </marc:datafield>
      <marc:datafield tag="246" ind1="3" ind2="3">
         <marc:subfield code="a">To be young, gifted and
         black.</marc:subfield>
      </marc:datafield>
      <marc:datafield tag="246" ind1="3" ind2="3">
         <marc:subfield code="a">NET playhouse biography. Lorraine Hansberry : To be
         young, gifted and black.</marc:subfield>
      </marc:datafield>
      <marc:datafield tag="246" ind1="3" ind2="3">
         <marc:subfield code="a">NET playhouse. [No. 263], NET biography. [No. 1],
         Lorraine Hansberry : To be young, gifted and black.</marc:subfield>
      </marc:datafield>
      <marc:datafield tag="246" ind1="3" ind2="3">
         <marc:subfield code="a">NET playhouse. NET biography. Lorraine Hansberry : To
         be young, gifted and black.</marc:subfield>
      </marc:datafield>
      <marc:datafield tag="655" ind1=" " ind2="0">
         <marc:subfield code="a">Television adaptations
         (lcgft)</marc:subfield>
         <marc:subfield code="0">http://id.loc.gov/authorities/genreForms/gf2011026653\n</marc:subfield>
      </marc:datafield>
      <marc:datafield tag="655" ind1=" " ind2="0">
         <marc:subfield code="a">Biographical television programs
         (lcgft)</marc:subfield>
         <marc:subfield code="0">http://id.loc.gov/authorities/genreForms/gf2011026091</marc:subfield>
      </marc:datafield>
      <marc:datafield tag="655" ind1=" " ind2="0">
         <marc:subfield code="a">Fiction television programs
         (lcgft)</marc:subfield>
         <marc:subfield code="0">http://id.loc.gov/authorities/genreForms/gf2011026252\n</marc:subfield>
      </marc:datafield>
   </marc:record>