
   <marc:record>
      <marc:leader>      am         3u     </marc:leader>
      <marc:datafield tag="042" ind1=" " ind2=" ">
         <marc:subfield code="a">dc</marc:subfield>
      </marc:datafield>
      <marc:datafield tag="720" ind1=" " ind2=" ">
         <marc:subfield code="a">National Educational Television and Radio Center</marc:subfield>
         <marc:subfield code="e">Broadcaster</marc:subfield>
         <marc:subfield code="0">http://id.loc.gov/authorities/names/n80050382</marc:subfield>
      </marc:datafield>
      <marc:datafield tag="720" ind1=" " ind2=" ">
         <marc:subfield code="a">Moore,
         Richard O.</marc:subfield>
         <marc:subfield code="e">Director</marc:subfield>
         <marc:subfield code="0">http://id.loc.gov/authorities/names/n2009051972</marc:subfield>
      </marc:datafield>
      <marc:datafield tag="720" ind1=" " ind2=" ">
         <marc:subfield code="a">KQED-TV</marc:subfield>
         <marc:subfield code="e">Production Company</marc:subfield>
         <marc:subfield code="0">http://id.loc.gov/authorities/names/no2016031835</marc:subfield>
      </marc:datafield>
      <marc:datafield tag="260" ind1=" " ind2=" ">
         <marc:subfield code="c">1966-11-28</marc:subfield>
      </marc:datafield>
      <marc:datafield tag="520" ind1=" " ind2=" ">
         <marc:subfield code="a">From MBRS Film and Television card catalog: Tells the story of a Negro mother
         and her ten children who live on welfare but fantasize in a world of Cadillac prestige and
         middle class status. Presents a commentary on poverty in a Negro urban ghetto. From NET
         microfiche: "Losing just the same" is the refrain that runs through the lives of the Johns
         family and scores of Negroes like them. Escaping the poverty of the rural South, they come
         to a typical Northern city, in this case Oakland, California. But the new dream turns into
         an old reality: they're "losing just the same." For Agnes Johns, 34 year old, with 10 minor
         children, twice a victim of desertion, Oakland is just another slum. She lives on a monthly
         welfare check of $392; a sense of resignation that is both pious and disillusioned; and a
         residue of idealism that is founded on her children's future. In a poignant sequence she
         visits a department store, realizes she is judged as a potential thief because of her
         color, and admires a spangled dress she can't afford. She needs money, but rejects
         prostitution as a solution. While shopping, she also admires a baby's outfit - and thinks
         of a time when Bobby, her oldest child, was an infant. Bobby, the "hero" of "Losing Just
         the Same,' is now 17 years old. He bears the ironic name Robert Lee Johns. Balanced between
         school and work, with no future in either, he dreams of a Cadillac and a comfortable home
         for his mother. But for the Negro of Bobby's motivation, these are only false plans. As a
         Negro bartender remarks, in this world the "good pimp" epitomizes success. Waiting for his
         "break," Bobby lunges around the house in his pajamas, watches television, and goes out
         only to hang around or to have his hair processed (this ritualistic procedure takes place
         in a processing parlor, where the kinks are removed). The big break turns out to be a job
         sweeping up - for which he shows up in a gold shirt. But even the job is a failure. His
         mother laments that it costs more to send him to work than to keep him at home. He quits
         the job and returns to school. But then the San Francisco riots attract him. One night he
         meets a group of teenage incendiaries and is jailed as an accomplice in their attempted
         burning of an Oakland department store. Symbolically, he is identified by a man in a
         Cadillac. The film's cinema verite technique leads up dramatically to the boy's jailing. In
         addition, producer Richard Moore has added a "subconscious" element as demonstrated in a
         dream sequence involving Bobby and a Cadillac. "The film's technique enables us to get at
         the underlying psychological realities as well as the bare facts. The film makes some of
         its most forceful points through juxtaposition. There is a bar fight between Joe, the
         bartender, and Curtis Baker, a Black Nationalist dubbed the "Black Jesus." The camera then
         pans to a sparring match between two children in the Johns home. Elsewhere the
         valedictorian of all-black McClymonds High school is making her speech with the text "No
         man is an island." A moment later, the school's principal is rating Bobby Johns' future in
         pessimistic terms. The film makes a starkly honest point about most Negroes in America -
         North and South. For those who live in "an urban wasteland," cries for civil rights have a
         "hollow sound." For the decent, hopeless Negro like Agnes Johns or her son Robert, it is
         harder than for Curtis Baker who can boast hatefully, "if we have to kill all whites to
         gain our freedom, we'll do it.' As the film ends, the Johns family is losing again: the
         welfare department is weighing a recommended budget cut on the basis of Bobby's
         detention.</marc:subfield>
      </marc:datafield>
      <marc:datafield tag="337" ind1=" " ind2=" ">
         <marc:subfield code="a">Moving Image</marc:subfield>
         <marc:subfield code="2">MAVIS media type controlled vocabulary</marc:subfield>
      </marc:datafield>
      <marc:datafield tag="024" ind1="8" ind2=" ">
         <marc:subfield code="a">2410988</marc:subfield>
         <marc:subfield code="2">MAVIS Title Number</marc:subfield>
      </marc:datafield>
      <marc:datafield tag="024" ind1="8" ind2=" ">
         <marc:subfield code="a">LJUS</marc:subfield>
         <marc:subfield code="2">NET/PBS NOLA</marc:subfield>
      </marc:datafield>
      <marc:datafield tag="024" ind1="8" ind2=" ">
         <marc:subfield code="a">1</marc:subfield>
         <marc:subfield code="2">NET/PBS number</marc:subfield>
      </marc:datafield>
      <marc:datafield tag="024" ind1="8" ind2=" ">
         <marc:subfield code="a">F1 A 67001088 (record not found in
         ILS)</marc:subfield>
         <marc:subfield code="2">LC ILS bib record number</marc:subfield>
      </marc:datafield>
      <marc:datafield tag="546" ind1=" " ind2=" ">
         <marc:subfield code="a">English</marc:subfield>
      </marc:datafield>
      <marc:datafield tag="653" ind1=" " ind2=" ">
         <marc:subfield code="a">African Americans--Economic
         conditions</marc:subfield>
         <marc:subfield code="0">http://id.loc.gov/authorities/subjects/sh85001945</marc:subfield>
      </marc:datafield>
      <marc:datafield tag="653" ind1=" " ind2=" ">
         <marc:subfield code="a">Urban poor</marc:subfield>
         <marc:subfield code="0">http://id.loc.gov/authorities/subjects/sh85141323</marc:subfield>
      </marc:datafield>
      <marc:datafield tag="653" ind1=" " ind2=" ">
         <marc:subfield code="a">African Americans--Social
         conditions</marc:subfield>
         <marc:subfield code="0">http://id.loc.gov/authorities/subjects/sh85001983</marc:subfield>
      </marc:datafield>
      <marc:datafield tag="653" ind1=" " ind2=" ">
         <marc:subfield code="a"/>
      </marc:datafield>
      <marc:datafield tag="245" ind1="0" ind2="0">
         <marc:subfield code="a">Losing just the same.</marc:subfield>
         <marc:subfield code="b">Made by KQED-TV, San Francisco ; National
         Educational Television presentation ; producer, Dick Moore.</marc:subfield>
      </marc:datafield>
      <marc:datafield tag="246" ind1="3" ind2="3">
         <marc:subfield code="a">The Negro in the
         North.</marc:subfield>
      </marc:datafield>
      <marc:datafield tag="246" ind1="3" ind2="3">
         <marc:subfield code="a">NET journal.
         Loosing just the same.</marc:subfield>
      </marc:datafield>
      <marc:datafield tag="655" ind1=" " ind2="0">
         <marc:subfield code="a">Documentary television programs
         (lcgft)</marc:subfield>
         <marc:subfield code="0">http://id.loc.gov/authorities/genreForms/gf2011026207</marc:subfield>
      </marc:datafield>
      <marc:datafield tag="655" ind1=" " ind2="0">
         <marc:subfield code="a">Nonfiction television programs
         (lcgft)</marc:subfield>
         <marc:subfield code="0">http://id.loc.gov/authorities/genreForms/gf2011026425</marc:subfield>
      </marc:datafield>
      <marc:datafield tag="655" ind1=" " ind2="0">
         <marc:subfield code="a">Public affairs television programs
         (lcgft)</marc:subfield>
         <marc:subfield code="0">http://id.loc.gov/authorities/genreForms/gf2011026476</marc:subfield>
      </marc:datafield>
   </marc:record>