
   <marc:record>
      <marc:leader>      am         3u     </marc:leader>
      <marc:datafield tag="042" ind1=" " ind2=" ">
         <marc:subfield code="a">dc</marc:subfield>
      </marc:datafield>
      <marc:datafield tag="720" ind1=" " ind2=" ">
         <marc:subfield code="a">National Educational Television and Radio Center</marc:subfield>
         <marc:subfield code="e">Broadcaster</marc:subfield>
         <marc:subfield code="0">http://id.loc.gov/authorities/names/n80050382</marc:subfield>
      </marc:datafield>
      <marc:datafield tag="720" ind1=" " ind2=" ">
         <marc:subfield code="a">Raushenbush, Esther</marc:subfield>
         <marc:subfield code="e">Interviewee</marc:subfield>
         <marc:subfield code="0">http://id.loc.gov/authorities/names/no96037265</marc:subfield>
      </marc:datafield>
      <marc:datafield tag="720" ind1=" " ind2=" ">
         <marc:subfield code="a">National Educational Television and Radio Center</marc:subfield>
         <marc:subfield code="e">Production Company</marc:subfield>
         <marc:subfield code="0">http://id.loc.gov/authorities/names/n80050382</marc:subfield>
      </marc:datafield>
      <marc:datafield tag="720" ind1=" " ind2=" ">
         <marc:subfield code="a">Klugherz,
         Dan</marc:subfield>
         <marc:subfield code="e">Producer</marc:subfield>
         <marc:subfield code="0">http://id.loc.gov/authorities/names/n88240622</marc:subfield>
      </marc:datafield>
      <marc:datafield tag="260" ind1=" " ind2=" ">
         <marc:subfield code="c">1966-12-12</marc:subfield>
      </marc:datafield>
      <marc:datafield tag="520" ind1=" " ind2=" ">
         <marc:subfield code="a">From NET microfiche: More than two million women are now attending colleges
         and universities in this country. When they leave the school, they will have far more
         freedom than any generation of women before them. And yet, for those choosing marriage and
         motherhood, the feeling of freedom tends to shrink, the "new way" fades back into the "old
         way," and a sense of frustration often results. The views of women - married and unmarried,
         happy and frustrated - are presented on NET Journal - Modern Women: The Uneasy Life. For
         this candid documentary, producer Dan Klugherz has visited suburban homes, colleges, and
         the inevitable sand pile where children play while mothers prate. There are also interviews
         with an "expert" on educated women, Mrs. Esther Raushenbush, president of Sarah Lawrence
         College in Bronxville, N.Y. The women express a range of attitudes: among the mothers, some
         feel confined by "a cage of my own making," caught in "an endless car pool," and "too
         insular" for any new ideas; others regard the function of mother and housewife as necessary
         and even satisfying "because it's so busy" and because "you're responsible for how their
         (children's) lives come out." Some are able to work, at least part-time, either by hiring
         nursemaids, relying on their husbands for babysitting aid, or waiting until the children
         grow up. Whichever "side" the women take, however, there is a sense that the old roles no
         longer apply. New definitions are needed; yet some of the functions must stay the same.
         Interviews conducted at Bridgeport College, a coed school in Bridgeport, Conn., indicate
         the real gap between males and females in defining their relationships. The women are
         anxious for "the same choice as a man," and fear getting "bogged down" by love. The men
         resent having to work for a woman (as on the campus paper) and reject the idea of competing
         in a relationship with a woman. One male student comments: "I don't want a woman with
         muscles." The poignancy of the situation is brought out by a girl student of architecture
         whose dating habits are made difficult because "I obviously scare them."</marc:subfield>
      </marc:datafield>
      <marc:datafield tag="337" ind1=" " ind2=" ">
         <marc:subfield code="a">Moving Image</marc:subfield>
         <marc:subfield code="2">MAVIS media type controlled vocabulary</marc:subfield>
      </marc:datafield>
      <marc:datafield tag="024" ind1="8" ind2=" ">
         <marc:subfield code="a">2411359</marc:subfield>
         <marc:subfield code="2">MAVIS Title Number</marc:subfield>
      </marc:datafield>
      <marc:datafield tag="024" ind1="8" ind2=" ">
         <marc:subfield code="a">MWUL</marc:subfield>
         <marc:subfield code="2">NET/PBS NOLA</marc:subfield>
      </marc:datafield>
      <marc:datafield tag="024" ind1="8" ind2=" ">
         <marc:subfield code="a">1</marc:subfield>
         <marc:subfield code="2">NET/PBS number</marc:subfield>
      </marc:datafield>
      <marc:datafield tag="546" ind1=" " ind2=" ">
         <marc:subfield code="a">English</marc:subfield>
      </marc:datafield>
      <marc:datafield tag="653" ind1=" " ind2=" ">
         <marc:subfield code="a">Women--United
         States--Attitudes</marc:subfield>
         <marc:subfield code="0">http://id.loc.gov/authorities/subjects/sh2010118830</marc:subfield>
      </marc:datafield>
      <marc:datafield tag="245" ind1="0" ind2="0">
         <marc:subfield code="a">Modern women--the uneasy life.</marc:subfield>
         <marc:subfield code="b">National Educational Television ; producer,
         Dan Klugherz.</marc:subfield>
      </marc:datafield>
      <marc:datafield tag="246" ind1="3" ind2="3">
         <marc:subfield code="a">Uneasy life.</marc:subfield>
      </marc:datafield>
      <marc:datafield tag="246" ind1="3" ind2="3">
         <marc:subfield code="a">NET journall.
         Modern women--the uneasy life.</marc:subfield>
      </marc:datafield>
      <marc:datafield tag="655" ind1=" " ind2="0">
         <marc:subfield code="a">Documentary television programs
         (lcgft)</marc:subfield>
         <marc:subfield code="0">http://id.loc.gov/authorities/genreForms/gf2011026207</marc:subfield>
      </marc:datafield>
      <marc:datafield tag="655" ind1=" " ind2="0">
         <marc:subfield code="a">Nonfiction television programs
         (lcgft)</marc:subfield>
         <marc:subfield code="0">http://id.loc.gov/authorities/genreForms/gf2011026425</marc:subfield>
      </marc:datafield>
      <marc:datafield tag="655" ind1=" " ind2="0">
         <marc:subfield code="a">Television interviews
         (lcgft)</marc:subfield>
         <marc:subfield code="0">http://id.loc.gov/authorities/genreForms/gf2011026662\n</marc:subfield>
      </marc:datafield>
   </marc:record>