
   <marc:record>
      <marc:leader>      am         3u     </marc:leader>
      <marc:datafield tag="042" ind1=" " ind2=" ">
         <marc:subfield code="a">dc</marc:subfield>
      </marc:datafield>
      <marc:datafield tag="720" ind1=" " ind2=" ">
         <marc:subfield code="a">Dewhurst, Colleen</marc:subfield>
         <marc:subfield code="e">Cast/Actor</marc:subfield>
         <marc:subfield code="0">http://id.loc.gov/authorities/names/n85176711</marc:subfield>
      </marc:datafield>
      <marc:datafield tag="720" ind1=" " ind2=" ">
         <marc:subfield code="a">Public Broadcasting Service</marc:subfield>
         <marc:subfield code="e">Distributor/Release Co.</marc:subfield>
         <marc:subfield code="0">http://id.loc.gov/authorities/names/n86134532</marc:subfield>
      </marc:datafield>
      <marc:datafield tag="720" ind1=" " ind2=" ">
         <marc:subfield code="a">Burr,
         Robert</marc:subfield>
         <marc:subfield code="e">Cast/Actor</marc:subfield>
         <marc:subfield code="0">http://id.loc.gov/authorities/names/n87860079</marc:subfield>
      </marc:datafield>
      <marc:datafield tag="720" ind1=" " ind2=" ">
         <marc:subfield code="a">White, Newton</marc:subfield>
         <marc:subfield code="e">Set Designer/Set Decorator</marc:subfield>
         <marc:subfield code="0">http://id.loc.gov/authorities/names/n97873844</marc:subfield>
      </marc:datafield>
      <marc:datafield tag="720" ind1=" " ind2=" ">
         <marc:subfield code="a">Boxer, John</marc:subfield>
         <marc:subfield code="e">Costume Designer</marc:subfield>
         <marc:subfield code="0">http://id.loc.gov/authorities/names/n88100694</marc:subfield>
      </marc:datafield>
      <marc:datafield tag="720" ind1=" " ind2=" ">
         <marc:subfield code="a">Grossman, Suzanne H.</marc:subfield>
         <marc:subfield code="e">Cast/Actor</marc:subfield>
      </marc:datafield>
      <marc:datafield tag="720" ind1=" " ind2=" ">
         <marc:subfield code="a">Cody,
         Kathy</marc:subfield>
         <marc:subfield code="e">Cast/Actor</marc:subfield>
         <marc:subfield code="0">http://id.loc.gov/authorities/names/no2010124220</marc:subfield>
      </marc:datafield>
      <marc:datafield tag="720" ind1=" " ind2=" ">
         <marc:subfield code="a">Waterston, Sam</marc:subfield>
         <marc:subfield code="e">Cast/Actor</marc:subfield>
         <marc:subfield code="0">http://id.loc.gov/authorities/names/n86025460</marc:subfield>
      </marc:datafield>
      <marc:datafield tag="720" ind1=" " ind2=" ">
         <marc:subfield code="a">Desmond,
         John</marc:subfield>
         <marc:subfield code="e">Director</marc:subfield>
         <marc:subfield code="0">http://id.loc.gov/authorities/names/n97869879</marc:subfield>
      </marc:datafield>
      <marc:datafield tag="720" ind1=" " ind2=" ">
         <marc:subfield code="a">ColetteShulman, Colette</marc:subfield>
         <marc:subfield code="e">Author/Based on</marc:subfield>
         <marc:subfield code="0">http://id.loc.gov/authorities/names/no2001026284http://id.loc.gov/authorities/names/n79066545</marc:subfield>
      </marc:datafield>
      <marc:datafield tag="720" ind1=" " ind2=" ">
         <marc:subfield code="a">Jordan,
         Glenn</marc:subfield>
         <marc:subfield code="e">Producer</marc:subfield>
         <marc:subfield code="0">http://id.loc.gov/authorities/names/n85378448</marc:subfield>
      </marc:datafield>
      <marc:datafield tag="720" ind1=" " ind2=" ">
         <marc:subfield code="a">Venza, Jac</marc:subfield>
         <marc:subfield code="e">Executive Producer</marc:subfield>
         <marc:subfield code="0">http://id.loc.gov/authorities/names/no93017967</marc:subfield>
      </marc:datafield>
      <marc:datafield tag="720" ind1=" " ind2=" ">
         <marc:subfield code="a">Educational Broadcasting Corporation. NET Division</marc:subfield>
         <marc:subfield code="e">Production Company</marc:subfield>
         <marc:subfield code="0">http://id.loc.gov/authorities/names/n81076889</marc:subfield>
      </marc:datafield>
      <marc:datafield tag="260" ind1=" " ind2=" ">
         <marc:subfield code="c">1973-8-9</marc:subfield>
      </marc:datafield>
      <marc:datafield tag="260" ind1=" " ind2=" ">
         <marc:subfield code="c">1972-2-17</marc:subfield>
      </marc:datafield>
      <marc:datafield tag="260" ind1=" " ind2=" ">
         <marc:subfield code="c">1967-5-1</marc:subfield>
      </marc:datafield>
      <marc:datafield tag="520" ind1=" " ind2=" ">
         <marc:subfield code="a">From NET microfiche, file C: Description of series: The celebrated French
         writer (and sometime actress) Colette recalls the joys and anxieties of her childhood in
         the drama "My Mother's House," based on her autobiographical novel "La Maison de Claudine"
         (1922). Colleen Dewhurst plays the major role of Colette's mother, Sido; Suzanne Grossman
         is the narrator (Colette); and Kathy Cody is Colette as a young girl. "My Mother's house,"
         adapted by Bert Greene, was previously telecast locally in New York City on WNET. Colette
         (1873-1954) is the pen name of Sidonie Gabrielle Claudine Colette, who as a young girl is
         known affectionately in this play as Minet-Cheri (darling kitten). The play is set in and
         around the house where she grew up at St. Sauveur-en-Pulisaye, Burgundy. The Principal
         characters are the members of her family, most especially her indomitable mother, of whom
         Colette has drawn an affectionate, deeply incisive literary portrait. Colette had two
         brothers and a sister. The sister, Juliette, and the elder brother, Achille, were born to
         Sido by her first husband, whom she left before the children were old enough to know their
         father. Julliette's resentment of this was manifested in an undying hostility for her
         stepfather and ambivalence toward her mother which nearly tore the family apart while
         Colette was entering her adolescence. Much of the play focuses on this difficult period,
         and on the teenage years when the shy Minet-Cheri experiences her first tentative feelings
         of love. Colette is perhaps best known for a series of novels beginning with "Cheri,"
         published in 1920. By this time she had considerable stage experience, which was reelected
         in earlier novels, "La Vagabonde" (1910) and "L'Entrave" (1913). Also among her
         better-known earlier work is the series of "Claudine" stories (1900-1903) Colette helped to
         adapt "Cheri" for the stage, and she played a major role in three productions of that work.
         She also wrote the libretto for Maurice Ravel's "L'Enfant et Les Sortileges," which was
         first performed in 1925. A number of films have been based on Colette stories, the most
         famous of which is "Gigi," adapted from one of Colette's final works - a short novel
         published in 1944.</marc:subfield>
      </marc:datafield>
      <marc:datafield tag="337" ind1=" " ind2=" ">
         <marc:subfield code="a">Moving Image</marc:subfield>
         <marc:subfield code="2">MAVIS media type controlled vocabulary</marc:subfield>
      </marc:datafield>
      <marc:datafield tag="024" ind1="8" ind2=" ">
         <marc:subfield code="a">2433163</marc:subfield>
         <marc:subfield code="2">MAVIS Title Number</marc:subfield>
      </marc:datafield>
      <marc:datafield tag="024" ind1="8" ind2=" ">
         <marc:subfield code="a">MMHS</marc:subfield>
         <marc:subfield code="2">NET/PBS NOLA</marc:subfield>
      </marc:datafield>
      <marc:datafield tag="024" ind1="8" ind2=" ">
         <marc:subfield code="a">5 (NET playhouse biography)</marc:subfield>
         <marc:subfield code="2">NET/PBS number</marc:subfield>
      </marc:datafield>
      <marc:datafield tag="024" ind1="8" ind2=" ">
         <marc:subfield code="a">267 (NET playhouse)</marc:subfield>
         <marc:subfield code="2">NET/PBS number</marc:subfield>
      </marc:datafield>
      <marc:datafield tag="024" ind1="8" ind2=" ">
         <marc:subfield code="a">210 (Playhouse New York biography)</marc:subfield>
         <marc:subfield code="2">NET/PBS number</marc:subfield>
      </marc:datafield>
      <marc:datafield tag="024" ind1="8" ind2=" ">
         <marc:subfield code="a">18 (PBS-1994.xls Excel spreadsheet)</marc:subfield>
         <marc:subfield code="2">NET/PBS number</marc:subfield>
      </marc:datafield>
      <marc:datafield tag="546" ind1=" " ind2=" ">
         <marc:subfield code="a">English</marc:subfield>
      </marc:datafield>
      <marc:datafield tag="653" ind1=" " ind2=" ">
         <marc:subfield code="a">Authors, French</marc:subfield>
         <marc:subfield code="0">http://id.loc.gov/authorities/subjects/sh85009907</marc:subfield>
      </marc:datafield>
      <marc:datafield tag="653" ind1=" " ind2=" ">
         <marc:subfield code="a">Colette, 1873-1954</marc:subfield>
         <marc:subfield code="0">http://id.loc.gov/authorities/names/n79097475</marc:subfield>
      </marc:datafield>
      <marc:datafield tag="245" ind1="0" ind2="0">
         <marc:subfield code="a">My mother's house.</marc:subfield>
         <marc:subfield code="b">a production of NET Division, Educational
         Broadcasting Corporation ; NET playhouse executive producer, Jac Venza ; producer, Glenn
         Jordan ; director, John Desmond ; adapted by Bert Greene ; based on the novel by
         Colette.</marc:subfield>
      </marc:datafield>
      <marc:datafield tag="246" ind1="3" ind2="3">
         <marc:subfield code="a">NET playhouse
         biography. [No. 5], Colette.</marc:subfield>
      </marc:datafield>
      <marc:datafield tag="246" ind1="3" ind2="3">
         <marc:subfield code="a">Playhouse New
         York biography. [No. 210], Colette.</marc:subfield>
      </marc:datafield>
      <marc:datafield tag="246" ind1="3" ind2="3">
         <marc:subfield code="a">NET playhouse.
         Colette.</marc:subfield>
      </marc:datafield>
      <marc:datafield tag="246" ind1="3" ind2="3">
         <marc:subfield code="a">Playhouse New
         York biography. Colette.</marc:subfield>
      </marc:datafield>
      <marc:datafield tag="246" ind1="3" ind2="3">
         <marc:subfield code="a">Sunday showcase. [No. 18], My
         mother's house.</marc:subfield>
      </marc:datafield>
      <marc:datafield tag="246" ind1="3" ind2="3">
         <marc:subfield code="a">Sunday showcase. My mother's
         house.</marc:subfield>
      </marc:datafield>
      <marc:datafield tag="246" ind1="3" ind2="3">
         <marc:subfield code="a">Colette--my mother's
         house.</marc:subfield>
      </marc:datafield>
      <marc:datafield tag="246" ind1="3" ind2="3">
         <marc:subfield code="a">NET playhouse. [No. 267], My mother's
         house.</marc:subfield>
      </marc:datafield>
      <marc:datafield tag="246" ind1="3" ind2="3">
         <marc:subfield code="a">NET playhouse. My mother's house.</marc:subfield>
      </marc:datafield>
      <marc:datafield tag="246" ind1="3" ind2="3">
         <marc:subfield code="a">NET playhouse biography. Colette.</marc:subfield>
      </marc:datafield>
      <marc:datafield tag="655" ind1=" " ind2="0">
         <marc:subfield code="a">Autobiographical television programs
         (lcgft)</marc:subfield>
         <marc:subfield code="0">http://id.loc.gov/authorities/genreForms/gf2011026065</marc:subfield>
      </marc:datafield>
      <marc:datafield tag="655" ind1=" " ind2="0">
         <marc:subfield code="a">Fiction television programs
         (lcgft)</marc:subfield>
         <marc:subfield code="0">http://id.loc.gov/authorities/genreForms/gf2011026252\n</marc:subfield>
      </marc:datafield>
   </marc:record>