
   <marc:record>
      <marc:leader>      am         3u     </marc:leader>
      <marc:datafield tag="042" ind1=" " ind2=" ">
         <marc:subfield code="a">dc</marc:subfield>
      </marc:datafield>
      <marc:datafield tag="720" ind1=" " ind2=" ">
         <marc:subfield code="a">National Educational Television and Radio Center</marc:subfield>
         <marc:subfield code="e">Broadcaster</marc:subfield>
         <marc:subfield code="0">http://id.loc.gov/authorities/names/n80050382</marc:subfield>
      </marc:datafield>
      <marc:datafield tag="720" ind1=" " ind2=" ">
         <marc:subfield code="a">Raim, Walter.</marc:subfield>
         <marc:subfield code="e">Music Director/Music Supervision</marc:subfield>
      </marc:datafield>
      <marc:datafield tag="720" ind1=" " ind2=" ">
         <marc:subfield code="a">Brown, Gwen</marc:subfield>
         <marc:subfield code="e">Sound</marc:subfield>
      </marc:datafield>
      <marc:datafield tag="720" ind1=" " ind2=" ">
         <marc:subfield code="a">Boehm, David</marc:subfield>
         <marc:subfield code="e">Associate Producer</marc:subfield>
         <marc:subfield code="0">http://id.loc.gov/authorities/names/n98106530</marc:subfield>
      </marc:datafield>
      <marc:datafield tag="720" ind1=" " ind2=" ">
         <marc:subfield code="a">Craddock, John</marc:subfield>
         <marc:subfield code="e">Editor</marc:subfield>
      </marc:datafield>
      <marc:datafield tag="720" ind1=" " ind2=" ">
         <marc:subfield code="a">Raymond,
         Alan</marc:subfield>
         <marc:subfield code="e">Editor</marc:subfield>
         <marc:subfield code="0">http://id.loc.gov/authorities/names/n88673321</marc:subfield>
      </marc:datafield>
      <marc:datafield tag="720" ind1=" " ind2=" ">
         <marc:subfield code="a">Jersey,
         Bill</marc:subfield>
         <marc:subfield code="e">Producer</marc:subfield>
         <marc:subfield code="0">http://id.loc.gov/authorities/names/nr93000378</marc:subfield>
      </marc:datafield>
      <marc:datafield tag="720" ind1=" " ind2=" ">
         <marc:subfield code="a">Jersey,
         Bill</marc:subfield>
         <marc:subfield code="e">Director</marc:subfield>
         <marc:subfield code="0">http://id.loc.gov/authorities/names/nr93000378</marc:subfield>
      </marc:datafield>
      <marc:datafield tag="720" ind1=" " ind2=" ">
         <marc:subfield code="a">Jersey,
         Bill</marc:subfield>
         <marc:subfield code="e">Filmmaker</marc:subfield>
         <marc:subfield code="0">http://id.loc.gov/authorities/names/nr93000378</marc:subfield>
      </marc:datafield>
      <marc:datafield tag="720" ind1=" " ind2=" ">
         <marc:subfield code="a">Jersey,
         Bill</marc:subfield>
         <marc:subfield code="e">Filmmaker</marc:subfield>
         <marc:subfield code="0">http://id.loc.gov/authorities/names/nr93000378</marc:subfield>
      </marc:datafield>
      <marc:datafield tag="720" ind1=" " ind2=" ">
         <marc:subfield code="a">National Educational Television and Radio Center</marc:subfield>
         <marc:subfield code="e">Production Company</marc:subfield>
         <marc:subfield code="0">http://id.loc.gov/authorities/names/n80050382</marc:subfield>
      </marc:datafield>
      <marc:datafield tag="720" ind1=" " ind2=" ">
         <marc:subfield code="a">Brown, Gwen</marc:subfield>
         <marc:subfield code="e">Filmmaker</marc:subfield>
      </marc:datafield>
      <marc:datafield tag="720" ind1=" " ind2=" ">
         <marc:subfield code="a">Quest Productions</marc:subfield>
         <marc:subfield code="e">Production Company</marc:subfield>
         <marc:subfield code="0">http://id.loc.gov/authorities/names/n84167460</marc:subfield>
      </marc:datafield>
      <marc:datafield tag="260" ind1=" " ind2=" ">
         <marc:subfield code="c">1967-6-5</marc:subfield>
      </marc:datafield>
      <marc:datafield tag="520" ind1=" " ind2=" ">
         <marc:subfield code="a">From NET microfiche: Filmed at the Nova School in Fort Lauderdale, this
         program investigates the learning experience of the individual child. It focuses on two
         children - the nine-year-old boy Gar and the ten-year-old girl Sandy - and on two teachers
         who form a classroom learning "team." Nova, a progressive school running from kindergarten
         through 12th grade, stresses the teacher pupil relationship, breaking its classes into
         varying sizes as an assignment dictates. The program has been filmed by William C. Jersey,
         producer of "A Time for Burning," one of the most highly-acclaimed documentaries in recent
         television history. Jersey's objective in the film is to reveal the child's growing
         awareness of his own nature, through a discovery of his personal source of excitement and
         response - whether it be dinosaurs, drama or distant planets. The entire film takes place
         in school, as students use the Total Resource Center (technologically advanced library);
         perform satire on the Trojan War; participate in a "propaganda game," which employs many of
         the sophisticated techniques of modern propagandists; and engage in various learning
         situations on an individualized and group basis. The curriculum at Nova School calls for
         children to begin - as early as kindergarten - a study of social sciences (beginning with
         "social" processes related to the life of the young child); an "audio-lingual" study of
         foreign languages; and from kindergarten on, learning in geometry, algebra, and
         arithmetic.</marc:subfield>
      </marc:datafield>
      <marc:datafield tag="337" ind1=" " ind2=" ">
         <marc:subfield code="a">Moving Image</marc:subfield>
         <marc:subfield code="2">MAVIS media type controlled vocabulary</marc:subfield>
      </marc:datafield>
      <marc:datafield tag="024" ind1="8" ind2=" ">
         <marc:subfield code="a">2405003</marc:subfield>
         <marc:subfield code="2">MAVIS Title Number</marc:subfield>
      </marc:datafield>
      <marc:datafield tag="024" ind1="8" ind2=" ">
         <marc:subfield code="a">MNIC</marc:subfield>
         <marc:subfield code="2">NET/PBS NOLA</marc:subfield>
      </marc:datafield>
      <marc:datafield tag="024" ind1="8" ind2=" ">
         <marc:subfield code="a">1</marc:subfield>
         <marc:subfield code="2">NET/PBS number</marc:subfield>
      </marc:datafield>
      <marc:datafield tag="546" ind1=" " ind2=" ">
         <marc:subfield code="a">English</marc:subfield>
      </marc:datafield>
      <marc:datafield tag="653" ind1=" " ind2=" ">
         <marc:subfield code="a">Education, Elementary</marc:subfield>
         <marc:subfield code="0">http://id.loc.gov/authorities/subjects/sh85041059</marc:subfield>
      </marc:datafield>
      <marc:datafield tag="245" ind1="0" ind2="0">
         <marc:subfield code="a">My name is children.</marc:subfield>
         <marc:subfield code="b">Quest Productions, Inc. [and] National
         Educational Television ; producer-director, William C. Jersey ; filmmakers, William C.
         Jersey, Gwen Brown ; associate producer, David Boehn.</marc:subfield>
      </marc:datafield>
      <marc:datafield tag="246" ind1="3" ind2="3">
         <marc:subfield code="a">NET journal. My
         name is children.</marc:subfield>
      </marc:datafield>
      <marc:datafield tag="246" ind1="3" ind2="3">
         <marc:subfield code="a">My name is children. NET
         journal.</marc:subfield>
      </marc:datafield>
      <marc:datafield tag="655" ind1=" " ind2="0">
         <marc:subfield code="a">Documentary television programs
         (lcgft)</marc:subfield>
         <marc:subfield code="0">http://id.loc.gov/authorities/genreForms/gf2011026207</marc:subfield>
      </marc:datafield>
      <marc:datafield tag="655" ind1=" " ind2="0">
         <marc:subfield code="a">Nonfiction television programs
         (lcgft)</marc:subfield>
         <marc:subfield code="0">http://id.loc.gov/authorities/genreForms/gf2011026425</marc:subfield>
      </marc:datafield>
   </marc:record>