
   <marc:record>
      <marc:leader>      am         3u     </marc:leader>
      <marc:datafield tag="042" ind1=" " ind2=" ">
         <marc:subfield code="a">dc</marc:subfield>
      </marc:datafield>
      <marc:datafield tag="720" ind1=" " ind2=" ">
         <marc:subfield code="a">Triest, Bill</marc:subfield>
         <marc:subfield code="e">Announcer</marc:subfield>
      </marc:datafield>
      <marc:datafield tag="720" ind1=" " ind2=" ">
         <marc:subfield code="a">Heider, Wally</marc:subfield>
         <marc:subfield code="e">Sound</marc:subfield>
      </marc:datafield>
      <marc:datafield tag="720" ind1=" " ind2=" ">
         <marc:subfield code="a">Dieves, Joe</marc:subfield>
         <marc:subfield code="e">Cinematographer/Director of Photography</marc:subfield>
      </marc:datafield>
      <marc:datafield tag="720" ind1=" " ind2=" ">
         <marc:subfield code="a">McPhail,
         Jimmy</marc:subfield>
         <marc:subfield code="e">Performer</marc:subfield>
         <marc:subfield code="0">http://id.loc.gov/authorities/names/no92014671</marc:subfield>
      </marc:datafield>
      <marc:datafield tag="720" ind1=" " ind2=" ">
         <marc:subfield code="a">Slate, Lane</marc:subfield>
         <marc:subfield code="e">Cinematographer/Director of Photography</marc:subfield>
         <marc:subfield code="0">http://id.loc.gov/authorities/names/no2009059780</marc:subfield>
      </marc:datafield>
      <marc:datafield tag="720" ind1=" " ind2=" ">
         <marc:subfield code="a">Ellington, Duke</marc:subfield>
         <marc:subfield code="e">Music Director/Music Supervision</marc:subfield>
         <marc:subfield code="0">http://id.loc.gov/authorities/names/n50080187</marc:subfield>
      </marc:datafield>
      <marc:datafield tag="720" ind1=" " ind2=" ">
         <marc:subfield code="a">National
         Educational Television and Radio Center</marc:subfield>
         <marc:subfield code="e">Broadcaster</marc:subfield>
         <marc:subfield code="0">http://id.loc.gov/authorities/names/n80050382</marc:subfield>
      </marc:datafield>
      <marc:datafield tag="720" ind1=" " ind2=" ">
         <marc:subfield code="a">Moore,
         Richard O.</marc:subfield>
         <marc:subfield code="e">Director</marc:subfield>
         <marc:subfield code="0">http://id.loc.gov/authorities/names/n2009051972</marc:subfield>
      </marc:datafield>
      <marc:datafield tag="720" ind1=" " ind2=" ">
         <marc:subfield code="a">Moore,
         Richard O.</marc:subfield>
         <marc:subfield code="e">Producer</marc:subfield>
         <marc:subfield code="0">http://id.loc.gov/authorities/names/n2009051972</marc:subfield>
      </marc:datafield>
      <marc:datafield tag="720" ind1=" " ind2=" ">
         <marc:subfield code="a">Gleason,
         Ralph J.</marc:subfield>
         <marc:subfield code="e">Producer</marc:subfield>
         <marc:subfield code="0">http://id.loc.gov/authorities/names/n88606016</marc:subfield>
      </marc:datafield>
      <marc:datafield tag="720" ind1=" " ind2=" ">
         <marc:subfield code="a">Greene, Phillip</marc:subfield>
         <marc:subfield code="e">Cinematographer/Director of Photography</marc:subfield>
      </marc:datafield>
      <marc:datafield tag="720" ind1=" " ind2=" ">
         <marc:subfield code="a">Briggs,
         Bunny</marc:subfield>
         <marc:subfield code="e">Dancer</marc:subfield>
         <marc:subfield code="0">http://id.loc.gov/authorities/names/n80072627</marc:subfield>
      </marc:datafield>
      <marc:datafield tag="720" ind1=" " ind2=" ">
         <marc:subfield code="a">Hendricks, Jon</marc:subfield>
         <marc:subfield code="e">Vocalist/Singer</marc:subfield>
         <marc:subfield code="0">http://id.loc.gov/authorities/names/n86864013</marc:subfield>
      </marc:datafield>
      <marc:datafield tag="720" ind1=" " ind2=" ">
         <marc:subfield code="a">Marrow, Esther</marc:subfield>
         <marc:subfield code="e">Vocalist/Singer</marc:subfield>
         <marc:subfield code="0">http://id.loc.gov/authorities/names/n94010718</marc:subfield>
      </marc:datafield>
      <marc:datafield tag="720" ind1=" " ind2=" ">
         <marc:subfield code="a">Herman McCoy Choir</marc:subfield>
         <marc:subfield code="e">Musical Group/Vocal Group</marc:subfield>
      </marc:datafield>
      <marc:datafield tag="720" ind1=" " ind2=" ">
         <marc:subfield code="a">Duke Ellington Orchestra</marc:subfield>
         <marc:subfield code="e">Musical Group/Vocal Group</marc:subfield>
         <marc:subfield code="0">http://id.loc.gov/authorities/names/n83194278</marc:subfield>
      </marc:datafield>
      <marc:datafield tag="720" ind1=" " ind2=" ">
         <marc:subfield code="a">KQED-TV</marc:subfield>
         <marc:subfield code="e">Production Company</marc:subfield>
         <marc:subfield code="0">http://id.loc.gov/authorities/names/no2016031835</marc:subfield>
      </marc:datafield>
      <marc:datafield tag="720" ind1=" " ind2=" ">
         <marc:subfield code="a">Slate, Lane</marc:subfield>
         <marc:subfield code="e">Executive Producer</marc:subfield>
         <marc:subfield code="0">http://id.loc.gov/authorities/names/no2009059780</marc:subfield>
      </marc:datafield>
      <marc:datafield tag="260" ind1=" " ind2=" ">
         <marc:subfield code="c">1970-9-15</marc:subfield>
      </marc:datafield>
      <marc:datafield tag="260" ind1=" " ind2=" ">
         <marc:subfield code="c">1967-6-16</marc:subfield>
      </marc:datafield>
      <marc:datafield tag="260" ind1=" " ind2=" ">
         <marc:subfield code="c">1966</marc:subfield>
      </marc:datafield>
      <marc:datafield tag="520" ind1=" " ind2=" ">
         <marc:subfield code="a">Tonight's program presents the second show profiling the complex personality
         and peculiar lifestyle of jazz legend Duke Ellington. The concert film, shot by the KQED
         Film Unit on September 16, 1965 at San Francisco's Grace Cathedral, is the first Sacred
         Concert by Duke Ellington and his Orchestra. The program presents the spiritual side of
         Duke Ellington and features the following special guests: vocalists Esther Marrow, John
         Hendricks, The Herman McCoy Choir, and tap dancer Bunny Briggs. Accompanied by Duke
         Ellington and his Orchestra, these artists perform the musical selections Come Sunday, The
         Lord's Prayer, In the Beginning God, and David Danced Before the Lord With All His Might,
         New World a 'Comin, Tell Me Its the Truth, and Overture to Black, Brown, and Beige
         (Stratemann, Klaus. Duke Ellington, Day By Day And Film By Film, p. 513). From NET
         microfiche, file D: The hour-long film is a record of the premiere performance of this
         offering as it took place in Grace Cathedral, the seat of the Episcopal Archdiocese at the
         top of Nob Hill in San Francisco. The very Rev. C. Julian Bartlett, Dean of the Cathedral,
         who together with the Rev. John S. Yaryan invited "the American composer, orchestra leader
         and pianist Edward Kennedy Ellington" to appear, wrote: "Duke Ellington has been endowed by
         God with the gift of genius. He is one of the giants of contemporary music, having made
         profound contributions to his field. He and his company of artists make an offering to God
         in this concert." The film presents complete performances of major portions of the concert,
         which Ellington based on two of his famous longer works, "Overture to Black, Brown and
         Beige," and the moving, "My People." Featured in addition to the orchestra and its soloists
         are tap dancer Bunny Briggs performing "David Danced Before the Lord" with singer Jon
         Hendricks supplying words, Esther Marrow singing "Come Sunday," and "The Lord's Prayer,"
         and a special solo by Ellington, "New World A Comin'." In his preface to the concert
         Ellington wrote: "In this program, you may hear a wide variety of statements without words,
         and I think you should know that it is a phrase with six tones, it symbolizes the six
         syllables in the first four words of the Bible, 'In the Beginning God," which is our theme.
         We say it many times -- many ways." DUKE ELLINGTON: A CONCERT OF SACRED MUSIC was produced
         for National Educational Television by the Special Projects Department of KQED, San
         Francisco. Produced by Ralph J. Gleason and Richard Moore. Directed by Richard Moore.
         Photographed by Philip Greene, Joe Dieves and Lane Slate. Sound by Stanley Kronquest and
         Wally Heider. Announcer: William Triest. Executive Producer: Lane Slate.</marc:subfield>
      </marc:datafield>
      <marc:datafield tag="337" ind1=" " ind2=" ">
         <marc:subfield code="a">Moving Image</marc:subfield>
         <marc:subfield code="2">MAVIS media type controlled vocabulary</marc:subfield>
      </marc:datafield>
      <marc:datafield tag="024" ind1="8" ind2=" ">
         <marc:subfield code="a">61839</marc:subfield>
         <marc:subfield code="2">MAVIS Title Number</marc:subfield>
      </marc:datafield>
      <marc:datafield tag="024" ind1="8" ind2=" ">
         <marc:subfield code="a">137 (NET microfiche)</marc:subfield>
         <marc:subfield code="2">NET/PBS number</marc:subfield>
      </marc:datafield>
      <marc:datafield tag="024" ind1="8" ind2=" ">
         <marc:subfield code="a">NFEC</marc:subfield>
         <marc:subfield code="2">NET/PBS NOLA</marc:subfield>
      </marc:datafield>
      <marc:datafield tag="024" ind1="8" ind2=" ">
         <marc:subfield code="a">0 (from PBS-1994 spreadsheet)</marc:subfield>
         <marc:subfield code="2">NET/PBS number</marc:subfield>
      </marc:datafield>
      <marc:datafield tag="546" ind1=" " ind2=" ">
         <marc:subfield code="a">English</marc:subfield>
      </marc:datafield>
      <marc:datafield tag="787" ind1="0" ind2=" ">
         <marc:subfield code="w">61828</marc:subfield>
         <marc:subfield code="n">MAVIS id number</marc:subfield>
      </marc:datafield>
      <marc:datafield tag="245" ind1="0" ind2="0">
         <marc:subfield code="a">NET festival. Duke Ellington--a concert of sacred
         music.</marc:subfield>
         <marc:subfield code="b">Special Projects Department of KQED, San
         Francisco ; for National Educational Television ; executive producer, Lane Slate.;
         producers, Ralph J. Gleason, Richard Moore ; director, Richard Moore.</marc:subfield>
      </marc:datafield>
      <marc:datafield tag="246" ind1="3" ind2="3">
         <marc:subfield code="a">Duke Ellington : a concert of sacred
         music.</marc:subfield>
      </marc:datafield>
      <marc:datafield tag="246" ind1="3" ind2="3">
         <marc:subfield code="a">Concert of sacred music.</marc:subfield>
      </marc:datafield>
      <marc:datafield tag="246" ind1="3" ind2="3">
         <marc:subfield code="a">NET playhouse.
         Duke Ellington--a concert of sacred music.</marc:subfield>
      </marc:datafield>
      <marc:datafield tag="246" ind1="3" ind2="3">
         <marc:subfield code="a">Duke Ellington : concert sacred
         music.</marc:subfield>
      </marc:datafield>
      <marc:datafield tag="246" ind1="3" ind2="3">
         <marc:subfield code="a">NET festival. Duke Ellington :
         concert sacred music.</marc:subfield>
      </marc:datafield>
      <marc:datafield tag="246" ind1="3" ind2="3">
         <marc:subfield code="a">NET festival. A concert of sacred music
         by Duke Ellington.</marc:subfield>
      </marc:datafield>
      <marc:datafield tag="246" ind1="3" ind2="3">
         <marc:subfield code="a">SACRED CONCERT</marc:subfield>
      </marc:datafield>
      <marc:datafield tag="246" ind1="3" ind2="3">
         <marc:subfield code="a">NET festival. [No. 137], Duke Ellington--a concert of
         sacred music.</marc:subfield>
      </marc:datafield>
      <marc:datafield tag="655" ind1=" " ind2="0">
         <marc:subfield code="a">Concert television programs
         (lcgft)</marc:subfield>
         <marc:subfield code="0">http://id.loc.gov/authorities/genreForms/gf2011026162\n</marc:subfield>
      </marc:datafield>
      <marc:datafield tag="655" ind1=" " ind2="0">
         <marc:subfield code="a">Nonfiction television programs
         (lcgft)</marc:subfield>
         <marc:subfield code="0">http://id.loc.gov/authorities/genreForms/gf2011026425</marc:subfield>
      </marc:datafield>
      <marc:datafield tag="655" ind1=" " ind2="0">
         <marc:subfield code="a">Televised performances
         (lcgft)</marc:subfield>
         <marc:subfield code="0">http://id.loc.gov/authorities/genreForms/gf2011026646</marc:subfield>
      </marc:datafield>
   </marc:record>