
   <marc:record>
      <marc:leader>      am         3u     </marc:leader>
      <marc:datafield tag="042" ind1=" " ind2=" ">
         <marc:subfield code="a">dc</marc:subfield>
      </marc:datafield>
      <marc:datafield tag="720" ind1=" " ind2=" ">
         <marc:subfield code="a">Ellington, Duke</marc:subfield>
         <marc:subfield code="e">Music Director/Music Supervision</marc:subfield>
         <marc:subfield code="0">http://id.loc.gov/authorities/names/n50080187</marc:subfield>
      </marc:datafield>
      <marc:datafield tag="720" ind1=" " ind2=" ">
         <marc:subfield code="a">National
         Educational Television and Radio Center</marc:subfield>
         <marc:subfield code="e">Broadcaster</marc:subfield>
         <marc:subfield code="0">http://id.loc.gov/authorities/names/n80050382</marc:subfield>
      </marc:datafield>
      <marc:datafield tag="720" ind1=" " ind2=" ">
         <marc:subfield code="a">KQED. Film Unit</marc:subfield>
         <marc:subfield code="e">Broadcaster</marc:subfield>
      </marc:datafield>
      <marc:datafield tag="720" ind1=" " ind2=" ">
         <marc:subfield code="a">Moore,
         Richard O.</marc:subfield>
         <marc:subfield code="e">Director</marc:subfield>
         <marc:subfield code="0">http://id.loc.gov/authorities/names/n2009051972</marc:subfield>
      </marc:datafield>
      <marc:datafield tag="720" ind1=" " ind2=" ">
         <marc:subfield code="a">Moore,
         Richard O.</marc:subfield>
         <marc:subfield code="e">Producer</marc:subfield>
         <marc:subfield code="0">http://id.loc.gov/authorities/names/n2009051972</marc:subfield>
      </marc:datafield>
      <marc:datafield tag="720" ind1=" " ind2=" ">
         <marc:subfield code="a">Gleason,
         Ralph J.</marc:subfield>
         <marc:subfield code="e">Producer</marc:subfield>
         <marc:subfield code="0">http://id.loc.gov/authorities/names/n88606016</marc:subfield>
      </marc:datafield>
      <marc:datafield tag="720" ind1=" " ind2=" ">
         <marc:subfield code="a">Greene, Phillip</marc:subfield>
         <marc:subfield code="e">Scriptwriter</marc:subfield>
      </marc:datafield>
      <marc:datafield tag="720" ind1=" " ind2=" ">
         <marc:subfield code="a">Briggs,
         Bunny</marc:subfield>
         <marc:subfield code="e">Dancer</marc:subfield>
         <marc:subfield code="0">http://id.loc.gov/authorities/names/n80072627</marc:subfield>
      </marc:datafield>
      <marc:datafield tag="720" ind1=" " ind2=" ">
         <marc:subfield code="a">Hendricks, Jon</marc:subfield>
         <marc:subfield code="e">Vocalist/Singer</marc:subfield>
         <marc:subfield code="0">http://id.loc.gov/authorities/names/n86864013</marc:subfield>
      </marc:datafield>
      <marc:datafield tag="720" ind1=" " ind2=" ">
         <marc:subfield code="a">Marrow, Esther</marc:subfield>
         <marc:subfield code="e">Vocalist/Singer</marc:subfield>
         <marc:subfield code="0">http://id.loc.gov/authorities/names/n94010718</marc:subfield>
      </marc:datafield>
      <marc:datafield tag="720" ind1=" " ind2=" ">
         <marc:subfield code="a">Herman McCoy Choir</marc:subfield>
         <marc:subfield code="e">Musical Group/Vocal Group</marc:subfield>
      </marc:datafield>
      <marc:datafield tag="720" ind1=" " ind2=" ">
         <marc:subfield code="a">Duke Ellington Orchestra</marc:subfield>
         <marc:subfield code="e">Musical Group/Vocal Group</marc:subfield>
         <marc:subfield code="0">http://id.loc.gov/authorities/names/n83194278</marc:subfield>
      </marc:datafield>
      <marc:datafield tag="260" ind1=" " ind2=" ">
         <marc:subfield code="c">1967-6-16</marc:subfield>
      </marc:datafield>
      <marc:datafield tag="520" ind1=" " ind2=" ">
         <marc:subfield code="a">Tonight's program presents the second show profiling the complex personality
         and peculiar lifestyle of jazz legend Duke Ellington. The concert film, shot by the KQED
         Film Unit on September 16, 1965 at San Francisco's Grace Cathedral, is the first "Sacred
         Concert' by Duke Ellington and his Orchestra. The program presents the spiritual side of
         Duke Ellington and features the following special guests: vocalists Esther Marrow, John
         Hendricks, The Herman McCoy Choir, and tap dancer Bunny Briggs. Accompanied by Duke
         Ellington and his Orchestra, these artists perform the musical selections Come Sunday, The
         Lord's Prayer, In the Beginning God, and David Danced Before the Lord With All His Might,
         New World a 'Comin, Tell Me Its the Truth, and Overture to Black, Brown, and Beige
         (Stratemann, Klaus. Duke Ellington, Day By Day And Film By Film, p. 513).</marc:subfield>
      </marc:datafield>
      <marc:datafield tag="337" ind1=" " ind2=" ">
         <marc:subfield code="a">Moving Image</marc:subfield>
         <marc:subfield code="2">MAVIS media type controlled vocabulary</marc:subfield>
      </marc:datafield>
      <marc:datafield tag="024" ind1="8" ind2=" ">
         <marc:subfield code="a">61828</marc:subfield>
         <marc:subfield code="2">MAVIS Title Number</marc:subfield>
      </marc:datafield>
      <marc:datafield tag="546" ind1=" " ind2=" ">
         <marc:subfield code="a">English</marc:subfield>
      </marc:datafield>
      <marc:datafield tag="787" ind1="0" ind2=" ">
         <marc:subfield code="w">61839</marc:subfield>
         <marc:subfield code="n">MAVIS id number</marc:subfield>
      </marc:datafield>
      <marc:datafield tag="245" ind1="0" ind2="0">
         <marc:subfield code="a">[NET FESTIVAL. A CONCERT OF SACRED MUSIC BY DUKE
         ELLINGTON--EXCERPTS?]</marc:subfield>
      </marc:datafield>
      <marc:datafield tag="246" ind1="3" ind2="3">
         <marc:subfield code="a">[CONCERT OF SACRED MUSIC--EXCERPTS?]</marc:subfield>
      </marc:datafield>
      <marc:datafield tag="246" ind1="3" ind2="3">
         <marc:subfield code="a">[SACRED CONCERT--EXCERPTS?]</marc:subfield>
      </marc:datafield>
      <marc:datafield tag="655" ind1=" " ind2="0">
         <marc:subfield code="a">Music
         (migfg)</marc:subfield>
      </marc:datafield>
   </marc:record>