
   <marc:record>
      <marc:leader>      am         3u     </marc:leader>
      <marc:datafield tag="042" ind1=" " ind2=" ">
         <marc:subfield code="a">dc</marc:subfield>
      </marc:datafield>
      <marc:datafield tag="720" ind1=" " ind2=" ">
         <marc:subfield code="a">National Educational Television and Radio Center</marc:subfield>
         <marc:subfield code="e">Broadcaster</marc:subfield>
         <marc:subfield code="0">http://id.loc.gov/authorities/names/n80050382</marc:subfield>
      </marc:datafield>
      <marc:datafield tag="720" ind1=" " ind2=" ">
         <marc:subfield code="a">Boyer,
         Charles, 1899-1978</marc:subfield>
         <marc:subfield code="e">Host</marc:subfield>
         <marc:subfield code="0">http://id.loc.gov/authorities/names/n82080240</marc:subfield>
      </marc:datafield>
      <marc:datafield tag="720" ind1=" " ind2=" ">
         <marc:subfield code="a">Four Star Productions</marc:subfield>
         <marc:subfield code="e">Production Company</marc:subfield>
         <marc:subfield code="0">http://id.loc.gov/authorities/names/no2002037722</marc:subfield>
      </marc:datafield>
      <marc:datafield tag="720" ind1=" " ind2=" ">
         <marc:subfield code="a">Jarre,
         Maurice</marc:subfield>
         <marc:subfield code="e">Music Composer</marc:subfield>
         <marc:subfield code="0">http://id.loc.gov/authorities/names/n82013480</marc:subfield>
      </marc:datafield>
      <marc:datafield tag="720" ind1=" " ind2=" ">
         <marc:subfield code="a">Tele-Hachette</marc:subfield>
         <marc:subfield code="e">Production Company</marc:subfield>
         <marc:subfield code="0">http://id.loc.gov/authorities/names/no2012098272</marc:subfield>
      </marc:datafield>
      <marc:datafield tag="720" ind1=" " ind2=" ">
         <marc:subfield code="a">Rossif,
         Frederic</marc:subfield>
         <marc:subfield code="e">Producer</marc:subfield>
         <marc:subfield code="0">http://id.loc.gov/authorities/names/n86813177</marc:subfield>
      </marc:datafield>
      <marc:datafield tag="720" ind1=" " ind2=" ">
         <marc:subfield code="a">Slevin, Thomas</marc:subfield>
         <marc:subfield code="e">Producer</marc:subfield>
      </marc:datafield>
      <marc:datafield tag="260" ind1=" " ind2=" ">
         <marc:subfield code="c">1969-9-16</marc:subfield>
      </marc:datafield>
      <marc:datafield tag="260" ind1=" " ind2=" ">
         <marc:subfield code="c">1970-6-30</marc:subfield>
      </marc:datafield>
      <marc:datafield tag="520" ind1=" " ind2=" ">
         <marc:subfield code="a">From NET microfiche: Frederic Rossif, the French filmmaker ("To Die in
         Madrid") has combined cinema verite with news footage and amateur movies of historic
         personalities to produce this kaleidoscopic view of Paris of yesterday and today. With
         actor Charles Boyer, as narrator in English, the film takes the viewer behind the scenes
         into a Paris the tourist rarely sees -- Paris at war, Paris on holiday, the poor and the
         luxurious sections of Paris. Among the rare film footage Rossif has employed are strips he
         found in the private collection of the late Sacha Guitry: Renoir painting, Rodin at work at
         his sculpture, Sarah Bernhardt playing Hamlet. Among the interesting documentary segments
         are visits to apartments of Paris personalities, artistic and political figures, and a film
         showing the music hall performances of a very youthful Maurice Chevalier and a
         not-so-youthful Mistinguett. A particularly poignant sequence shows Toulouse-Lautrec's
         model, the famous Moulin Rouge entertainer "La Goulue," photographed twenty years after her
         great career, living in rags in a suburban slum. NET Festival #87 is followed by filler
         program, "A Child's Introduction to the Cosmos," to be run with "Encore Paris," is a six
         minute black and white animated short made by a student at the University of Southern
         California. This is a fantasy in which a father describes the universe and the creation of
         the world to his small daughter. He invents a fairy-tale explanation which he delivers as
         if it were real. NET Festival #126 is followed by filler program, "The unanswered
         question," a five-minute (approx.) film. Made by David Hoffman and Jonathan Gordon, the
         film tries to answer "what is brotherhood?" Cameras roam the streets and record people's
         answer to this question.</marc:subfield>
      </marc:datafield>
      <marc:datafield tag="024" ind1="8" ind2=" ">
         <marc:subfield code="a">2430490</marc:subfield>
         <marc:subfield code="2">MAVIS Title Number</marc:subfield>
      </marc:datafield>
      <marc:datafield tag="024" ind1="8" ind2=" ">
         <marc:subfield code="a">NFEP</marc:subfield>
         <marc:subfield code="2">NET/PBS NOLA</marc:subfield>
      </marc:datafield>
      <marc:datafield tag="024" ind1="8" ind2=" ">
         <marc:subfield code="a">0</marc:subfield>
         <marc:subfield code="2">NET/PBS number</marc:subfield>
      </marc:datafield>
      <marc:datafield tag="653" ind1=" " ind2=" ">
         <marc:subfield code="a">Paris (France)</marc:subfield>
         <marc:subfield code="0">http://id.loc.gov/authorities/names/n79058874</marc:subfield>
      </marc:datafield>
      <marc:datafield tag="245" ind1="0" ind2="0">
         <marc:subfield code="a">NET festival. Encore Paris.</marc:subfield>
         <marc:subfield code="b">produced for Tele-Hachette and Four Star
         Television by Frederic Rossif ; NET producer, Tom Slevin ; written by Frederic de
         Towarnicki ; music composed by Maurice Jarre.</marc:subfield>
      </marc:datafield>
      <marc:datafield tag="246" ind1="3" ind2="3">
         <marc:subfield code="a">Paris encore.</marc:subfield>
      </marc:datafield>
      <marc:datafield tag="246" ind1="3" ind2="3">
         <marc:subfield code="a">Encore Paris.</marc:subfield>
      </marc:datafield>
      <marc:datafield tag="246" ind1="3" ind2="3">
         <marc:subfield code="a">NET festival. [1969-09-16]. Encore Paris.</marc:subfield>
      </marc:datafield>
      <marc:datafield tag="246" ind1="3" ind2="3">
         <marc:subfield code="a">NET festival. [1970-06-30]. Encore Paris.</marc:subfield>
      </marc:datafield>
      <marc:datafield tag="246" ind1="3" ind2="3">
         <marc:subfield code="a">NET festival. [No. 126], Encore Paris.</marc:subfield>
      </marc:datafield>
      <marc:datafield tag="246" ind1="3" ind2="3">
         <marc:subfield code="a">NET festival. [No. 87], Encore Paris.</marc:subfield>
      </marc:datafield>
      <marc:datafield tag="655" ind1=" " ind2="0">
         <marc:subfield code="a">Cinema verite films (lcgft)</marc:subfield>
         <marc:subfield code="0">http://id.loc.gov/authorities/genreForms/gf2011026134</marc:subfield>
      </marc:datafield>
      <marc:datafield tag="655" ind1=" " ind2="0">
         <marc:subfield code="a">Nonfiction television programs
         (lcgft)</marc:subfield>
         <marc:subfield code="0">http://id.loc.gov/authorities/genreForms/gf2011026425</marc:subfield>
      </marc:datafield>
   </marc:record>