
   <marc:record>
      <marc:leader>      am         3u     </marc:leader>
      <marc:datafield tag="042" ind1=" " ind2=" ">
         <marc:subfield code="a">dc</marc:subfield>
      </marc:datafield>
      <marc:datafield tag="720" ind1=" " ind2=" ">
         <marc:subfield code="a">National
         Educational Television and Radio Center</marc:subfield>
         <marc:subfield code="e">Presenter</marc:subfield>
         <marc:subfield code="0">http://id.loc.gov/authorities/names/n80050382</marc:subfield>
      </marc:datafield>
      <marc:datafield tag="720" ind1=" " ind2=" ">
         <marc:subfield code="a">National Educational Television and Radio Center</marc:subfield>
         <marc:subfield code="e">Broadcaster</marc:subfield>
         <marc:subfield code="0">http://id.loc.gov/authorities/names/n80050382</marc:subfield>
      </marc:datafield>
      <marc:datafield tag="720" ind1=" " ind2=" ">
         <marc:subfield code="a">Simone,
         Nina</marc:subfield>
         <marc:subfield code="e">Performer</marc:subfield>
         <marc:subfield code="0">http://id.loc.gov/authorities/names/no91012203</marc:subfield>
      </marc:datafield>
      <marc:datafield tag="720" ind1=" " ind2=" ">
         <marc:subfield code="a">London Weekend Television</marc:subfield>
         <marc:subfield code="e">Production Company</marc:subfield>
         <marc:subfield code="0">http://id.loc.gov/authorities/names/n50048638</marc:subfield>
      </marc:datafield>
      <marc:datafield tag="720" ind1=" " ind2=" ">
         <marc:subfield code="a">Slevin, Thomas</marc:subfield>
         <marc:subfield code="e">Producer</marc:subfield>
      </marc:datafield>
      <marc:datafield tag="720" ind1=" " ind2=" ">
         <marc:subfield code="a">Granger, Derek</marc:subfield>
         <marc:subfield code="e">Executive Producer</marc:subfield>
         <marc:subfield code="0">http://id.loc.gov/authorities/names/no2003014724</marc:subfield>
      </marc:datafield>
      <marc:datafield tag="260" ind1=" " ind2=" ">
         <marc:subfield code="c">1969-3-11</marc:subfield>
      </marc:datafield>
      <marc:datafield tag="260" ind1=" " ind2=" ">
         <marc:subfield code="c">1969-2-17</marc:subfield>
      </marc:datafield>
      <marc:datafield tag="520" ind1=" " ind2=" ">
         <marc:subfield code="a">From NET microfiche (N): Dubbed "the high priestess of soul," Nina Simone
         demonstrates her highly personal vocal style in a program of jazz, blues, folk and pop
         music. The program, produced by London Weekend TV, was taped during Miss Simone's first
         television appearance in England. When it aired here, critics called it "exceptional" (The
         Philadelphia Inquirer); "sold pop-entertainment" (Newsday); and "very moving and brooding
         performance" (Boston Globe). Performing before a studio audience, Miss Simone is heard in
         "Backlash Blues," a poem by Langston Hughes which she adapted into a protest song;
         "GoLimp," a humorous song about a girl on a freedom march; "Mississippi Goddam," Miss
         Simone's first protest song; "Four Women," a succession of musical vignettes on how women's
         circumstances and outlooks vary according to their gradations of skin color; and "In the
         Morning." Miss Simone is accompanied by Sam Waymon, organ; Henry Young, guitar; Gene
         Taylor, bass; and Buck Clark, drums. Nina Simone became a top entertainer in 1959 through
         her recording of "I Love You Porgy." It started her on a long series of personal
         appearances in leading clubs and concert halls in this country and abroad. Born Eunice
         Waymon in 1939 in Tryon, North Carolina, she was the sixth of eight children in a very poor
         family. Her father was a handyman, and her mother, who worked as a housekeeper during the
         day, at night donned the robes of an ordained Methodist minister. At the age of four Nina
         was playing the piano, and by seven had attracted the attention of a woman for whom her
         mother worked and who paid for her to have piano lessons with a local teacher, Mrs.
         Lawarence Mazzanovich. When after two years Nina could no longer afford the lessons, Mrs.
         Mazzanovich, recognizing her talent, continued them without charge, and also established a
         Eunice Waymon Fund to insure advanced studies for her. With this money, she attended high
         school in Asheville, NC, and later studied for a year and a half at the Juilliard School of
         Music in New York. Her money ran out, and she returned to her family, which had moved to
         Philadelphia. There she gave piano lessons and worked as accompanist in a vocal studio. In
         1954, when the studio closed for the summer, she got a job in a night club in Atlantic
         City. Though she had been hired as a pianist, she found she was also expected to sing.
         Having never sung before, in desperation she tried - and amazed herself at her success with
         the audience. It was then - fearing her parents' displeasure at her working in a night club
         - that she changed her name to Nina Simone. After her success in Atlantic City, she
         returned to the studio, but soon decided to try her luck with a show business career. From
         then on she gravitated to fame. "A great singer, she has also been described as a
         spokeswoman for morality," who expresses her personal feelings in her songs. She herself
         has said "I can't sing a song without meaning it." The following is the complete rundown of
         musical items on this program: Go To Hell Ain't Got No  I Got Life Please Read Me Backlash
         Blues Sea Lion woman Be My Husband Go Limp In the Morning Four Women I Put a Spell on You
         Misunderstood The Other Woman Mississippi Goddam Peace of Mind The King of Love is
         Dead</marc:subfield>
      </marc:datafield>
      <marc:datafield tag="337" ind1=" " ind2=" ">
         <marc:subfield code="a">Moving Image</marc:subfield>
         <marc:subfield code="2">MAVIS media type controlled vocabulary</marc:subfield>
      </marc:datafield>
      <marc:datafield tag="024" ind1="8" ind2=" ">
         <marc:subfield code="a">1849194</marc:subfield>
         <marc:subfield code="2">MAVIS Title Number</marc:subfield>
      </marc:datafield>
      <marc:datafield tag="024" ind1="8" ind2=" ">
         <marc:subfield code="a">NJDA (erroneous)</marc:subfield>
         <marc:subfield code="2">NET/PBS NOLA</marc:subfield>
      </marc:datafield>
      <marc:datafield tag="024" ind1="8" ind2=" ">
         <marc:subfield code="a">0</marc:subfield>
         <marc:subfield code="2">NET/PBS number</marc:subfield>
      </marc:datafield>
      <marc:datafield tag="024" ind1="8" ind2=" ">
         <marc:subfield code="a">CA-531 (Series No.)</marc:subfield>
         <marc:subfield code="2">Program Number</marc:subfield>
      </marc:datafield>
      <marc:datafield tag="546" ind1=" " ind2=" ">
         <marc:subfield code="a">English</marc:subfield>
      </marc:datafield>
      <marc:datafield tag="245" ind1="0" ind2="0">
         <marc:subfield code="a">NET festival. Nina Simone--the sound of
         soul.</marc:subfield>
         <marc:subfield code="b">a production of London Weekend Television ; a
         presentation of NET Division, Educational Broadcasting Corporation ; executive producer,
         Derek Granger ; producer for NET, Tom Slevin ; director, Keith Beckett.</marc:subfield>
      </marc:datafield>
      <marc:datafield tag="246" ind1="3" ind2="3">
         <marc:subfield code="a">Fanfare. Nina Simone: The sound of
         soul.</marc:subfield>
      </marc:datafield>
      <marc:datafield tag="246" ind1="3" ind2="3">
         <marc:subfield code="a">Fanfare. [No. 24], Nina Simone: The
         sound of soul.</marc:subfield>
      </marc:datafield>
      <marc:datafield tag="246" ind1="3" ind2="3">
         <marc:subfield code="a">NET journal. Nina Simone--the sound
         of soul.</marc:subfield>
      </marc:datafield>
      <marc:datafield tag="246" ind1="3" ind2="3">
         <marc:subfield code="a">Nina Simone--the sound of
         soul.</marc:subfield>
      </marc:datafield>
      <marc:datafield tag="246" ind1="3" ind2="3">
         <marc:subfield code="a">The sound of soul with Nina
         Simone.</marc:subfield>
      </marc:datafield>
      <marc:datafield tag="655" ind1=" " ind2="0">
         <marc:subfield code="a">Nonfiction television programs
         (lcgft)</marc:subfield>
         <marc:subfield code="0">http://id.loc.gov/authorities/genreForms/gf2011026425</marc:subfield>
      </marc:datafield>
      <marc:datafield tag="655" ind1=" " ind2="0">
         <marc:subfield code="a">Televised performances
         (lcgft)</marc:subfield>
         <marc:subfield code="0">http://id.loc.gov/authorities/genreForms/gf2011026646</marc:subfield>
      </marc:datafield>
   </marc:record>