
   <marc:record>
      <marc:leader>      am         3u     </marc:leader>
      <marc:datafield tag="042" ind1=" " ind2=" ">
         <marc:subfield code="a">dc</marc:subfield>
      </marc:datafield>
      <marc:datafield tag="720" ind1=" " ind2=" ">
         <marc:subfield code="a">National Educational Television and Radio Center</marc:subfield>
         <marc:subfield code="e">Broadcaster</marc:subfield>
         <marc:subfield code="0">http://id.loc.gov/authorities/names/n80050382</marc:subfield>
      </marc:datafield>
      <marc:datafield tag="720" ind1=" " ind2=" ">
         <marc:subfield code="a">Sandburg, Carl</marc:subfield>
         <marc:subfield code="e">Reader/Reciter</marc:subfield>
         <marc:subfield code="0">http://id.loc.gov/authorities/names/n79011105</marc:subfield>
      </marc:datafield>
      <marc:datafield tag="720" ind1=" " ind2=" ">
         <marc:subfield code="a">Corwin, Norman</marc:subfield>
         <marc:subfield code="e">Adapter/Dramatization</marc:subfield>
         <marc:subfield code="0">http://id.loc.gov/authorities/names/no2018022217</marc:subfield>
      </marc:datafield>
      <marc:datafield tag="720" ind1=" " ind2=" ">
         <marc:subfield code="a">Weaver,
         Fritz</marc:subfield>
         <marc:subfield code="e">Performer</marc:subfield>
         <marc:subfield code="0">http://id.loc.gov/authorities/names/n85183861</marc:subfield>
      </marc:datafield>
      <marc:datafield tag="720" ind1=" " ind2=" ">
         <marc:subfield code="a">Hagen,
         Uta</marc:subfield>
         <marc:subfield code="e">Performer</marc:subfield>
         <marc:subfield code="0">http://id.loc.gov/authorities/names/n88094554</marc:subfield>
      </marc:datafield>
      <marc:datafield tag="720" ind1=" " ind2=" ">
         <marc:subfield code="a">Hester,
         Carolyn</marc:subfield>
         <marc:subfield code="e">Performer</marc:subfield>
         <marc:subfield code="0">http://id.loc.gov/authorities/names/n93013093</marc:subfield>
      </marc:datafield>
      <marc:datafield tag="720" ind1=" " ind2=" ">
         <marc:subfield code="a">Tarriers (Musical group)</marc:subfield>
         <marc:subfield code="e">Musical Group/Vocal Group</marc:subfield>
         <marc:subfield code="0">http://id.loc.gov/authorities/names/n94075213</marc:subfield>
      </marc:datafield>
      <marc:datafield tag="720" ind1=" " ind2=" ">
         <marc:subfield code="a">Browning,
         Kirk</marc:subfield>
         <marc:subfield code="e">Director</marc:subfield>
         <marc:subfield code="0">http://id.loc.gov/authorities/names/n87911756</marc:subfield>
      </marc:datafield>
      <marc:datafield tag="720" ind1=" " ind2=" ">
         <marc:subfield code="a">Sandburg, Carl</marc:subfield>
         <marc:subfield code="e">Author/Based on</marc:subfield>
         <marc:subfield code="0">http://id.loc.gov/authorities/names/n79011105</marc:subfield>
      </marc:datafield>
      <marc:datafield tag="720" ind1=" " ind2=" ">
         <marc:subfield code="a">Kroll, Nathan.</marc:subfield>
         <marc:subfield code="e">Producer</marc:subfield>
      </marc:datafield>
      <marc:datafield tag="720" ind1=" " ind2=" ">
         <marc:subfield code="a">Howard,
         Brice</marc:subfield>
         <marc:subfield code="e">Producer</marc:subfield>
         <marc:subfield code="0">http://id.loc.gov/authorities/names/no99071769</marc:subfield>
      </marc:datafield>
      <marc:datafield tag="720" ind1=" " ind2=" ">
         <marc:subfield code="a">Kroll Productions</marc:subfield>
         <marc:subfield code="e">Production Company</marc:subfield>
         <marc:subfield code="0">http://id.loc.gov/authorities/names/n81104077</marc:subfield>
      </marc:datafield>
      <marc:datafield tag="260" ind1=" " ind2=" ">
         <marc:subfield code="c">1967-1-27</marc:subfield>
      </marc:datafield>
      <marc:datafield tag="260" ind1=" " ind2=" ">
         <marc:subfield code="c">1966-6-3</marc:subfield>
      </marc:datafield>
      <marc:datafield tag="520" ind1=" " ind2=" ">
         <marc:subfield code="a">From NET microfiche: This is a repeat broadcast of the television production
         (edited by Nathan Kroll) of "The World of Carl Sandburg" as originally presented on
         Broadway. The production features Uta Hagen, Fritz Weaver and the singing group, The
         Tarriers (Clarence Cooper, Eric Weissberg, and Al Dana), plus folk singer Carolyn Hester.
         The production consists of recitations of Carl Sandburg's poetry and prose as synthesized
         and organized by Norman Corwin with appropriate musical interpolations from Sandburg's
         "American Songbag." The staging is informal - including settings which symbolize well-known
         aspects of Sandburg -- "a chair he would sit in if he were here; he would strum this guitar
         and the books are what is published of his writing." The recitations are from his novel
         Remembrance Rock, The People, Yes - a collection of "psalms, memoranda, sayings and yarns,
         " and Sandburg's biography of Abraham Lincoln. The subjects touched upon capture the range
         of Sandburg's writings; they include such various topics as babies, advice to the young,
         marriage, observations on glass, snakes and bugs, happiness, love and hate, arithmetic,
         war, the reminiscences of a former slave, jokes -jokes about country folk, jokes about
         having the last word, goofyisms, jokes about women, sociological jokes -- stories about
         Lincoln and Lincoln's speech to his friends upon leaving Springfield. A recording of
         Sandburg himself reading a poem called "Phizzog" is played while Steichen's portrait of
         Sandburg is superimposed. The songs sung by The Tarriers and Carolyn Hester are: "I was
         Born Almost Ten Thousand Years Ago," "Go To Sleep, Little Baby," "Love, Oh Love, Oh,
         Careless Love," "I'm Gonna Lay Down My Sword and Shield," "There's a Man Goin' Roun'," "A
         Hundred Years is a Very Long Time," "and By'm, By." Suggested Newspaper Listing: NET
         PLAYHOUSE -- THE WORLD OF CARL SANDBURG: Television version of the original Broadway
         production, with Uta Hagen, Fritz Weaver, The Tarriers and Carolyn Hester performing
         Sandburg's prose, poetry and songs. From M/B/RS Film and Television catalog card: Based on
         the stage presentation by Norman Corwin. Presents a tribute to Carl Sandburg and surveys
         the heritage that he left and the history he made. Includes some selections from Carl
         Sandburg's works and renditions of songs from his folk song anthologies.</marc:subfield>
      </marc:datafield>
      <marc:datafield tag="337" ind1=" " ind2=" ">
         <marc:subfield code="a">Moving Image</marc:subfield>
         <marc:subfield code="2">MAVIS media type controlled vocabulary</marc:subfield>
      </marc:datafield>
      <marc:datafield tag="024" ind1="8" ind2=" ">
         <marc:subfield code="a">2330465</marc:subfield>
         <marc:subfield code="2">MAVIS Title Number</marc:subfield>
      </marc:datafield>
      <marc:datafield tag="024" ind1="8" ind2=" ">
         <marc:subfield code="a">NFWS</marc:subfield>
         <marc:subfield code="2">NET/PBS NOLA</marc:subfield>
      </marc:datafield>
      <marc:datafield tag="024" ind1="8" ind2=" ">
         <marc:subfield code="a">0 (PBS-1994.xls)</marc:subfield>
         <marc:subfield code="2">NET/PBS number</marc:subfield>
      </marc:datafield>
      <marc:datafield tag="024" ind1="8" ind2=" ">
         <marc:subfield code="a">37 (NET microfiche, NET festival)</marc:subfield>
         <marc:subfield code="2">NET/PBS number</marc:subfield>
      </marc:datafield>
      <marc:datafield tag="024" ind1="8" ind2=" ">
         <marc:subfield code="a">fi a 68002708 (record not found
         7/7/2017)</marc:subfield>
         <marc:subfield code="2">Library of Congress Control Number</marc:subfield>
      </marc:datafield>
      <marc:datafield tag="024" ind1="8" ind2=" ">
         <marc:subfield code="a">117 (NET microfiche, NET playhouse)</marc:subfield>
         <marc:subfield code="2">NET/PBS number</marc:subfield>
      </marc:datafield>
      <marc:datafield tag="546" ind1=" " ind2=" ">
         <marc:subfield code="a">English</marc:subfield>
      </marc:datafield>
      <marc:datafield tag="653" ind1=" " ind2=" ">
         <marc:subfield code="a">Lincoln, Abraham,
         1809-1865</marc:subfield>
         <marc:subfield code="0">http://id.loc.gov/authorities/names/n79006779</marc:subfield>
      </marc:datafield>
      <marc:datafield tag="653" ind1=" " ind2=" ">
         <marc:subfield code="a">Sandburg, Carl</marc:subfield>
         <marc:subfield code="0">http://id.loc.gov/authorities/names/n79011105</marc:subfield>
      </marc:datafield>
      <marc:datafield tag="245" ind1="0" ind2="0">
         <marc:subfield code="a">NET festival. The world of Carl Sandburg.</marc:subfield>
         <marc:subfield code="b">a production of Kroll Productions for National
         Educational Television ; NET producer, Brice Howard ; producer, Nathan Kroll ; director,
         Kirk Browning.</marc:subfield>
      </marc:datafield>
      <marc:datafield tag="246" ind1="3" ind2="3">
         <marc:subfield code="a">The world of Carl Sandburg.</marc:subfield>
      </marc:datafield>
      <marc:datafield tag="246" ind1="3" ind2="3">
         <marc:subfield code="a">NET festival. [1966-06-03]. The world of Carl
         Sandburg.</marc:subfield>
      </marc:datafield>
      <marc:datafield tag="246" ind1="3" ind2="3">
         <marc:subfield code="a">NET festival. [No. 37], The world of Carl
         Sandburg.</marc:subfield>
      </marc:datafield>
      <marc:datafield tag="246" ind1="3" ind2="3">
         <marc:subfield code="a">NET playhouse. [1967-01-27]. The world of Carl
         Sandburg.</marc:subfield>
      </marc:datafield>
      <marc:datafield tag="246" ind1="3" ind2="3">
         <marc:subfield code="a">NET playhouse. [No. 117], The world of Carl
         Sandburg.</marc:subfield>
      </marc:datafield>
      <marc:datafield tag="246" ind1="3" ind2="3">
         <marc:subfield code="a">NET playhouse. The world of Carl Sandburg.</marc:subfield>
      </marc:datafield>
      <marc:datafield tag="655" ind1=" " ind2="0">
         <marc:subfield code="a">Nonfiction television programs
         (lcgft)</marc:subfield>
         <marc:subfield code="0">http://id.loc.gov/authorities/genreForms/gf2011026425</marc:subfield>
      </marc:datafield>
      <marc:datafield tag="655" ind1=" " ind2="0">
         <marc:subfield code="a">Televised performances
         (lcgft)</marc:subfield>
         <marc:subfield code="0">http://id.loc.gov/authorities/genreForms/gf2011026646</marc:subfield>
      </marc:datafield>
      <marc:datafield tag="655" ind1=" " ind2="0">
         <marc:subfield code="a">Televised speeches (lcgft)</marc:subfield>
         <marc:subfield code="0">http://id.loc.gov/authorities/genreForms/gf2011026649</marc:subfield>
      </marc:datafield>
   </marc:record>