
   <marc:record>
      <marc:leader>      am         3u     </marc:leader>
      <marc:datafield tag="042" ind1=" " ind2=" ">
         <marc:subfield code="a">dc</marc:subfield>
      </marc:datafield>
      <marc:datafield tag="720" ind1=" " ind2=" ">
         <marc:subfield code="a">National Educational Television and Radio Center</marc:subfield>
         <marc:subfield code="e">Broadcaster</marc:subfield>
         <marc:subfield code="0">http://id.loc.gov/authorities/names/n80050382</marc:subfield>
      </marc:datafield>
      <marc:datafield tag="720" ind1=" " ind2=" ">
         <marc:subfield code="a">Niven,
         Paul</marc:subfield>
         <marc:subfield code="e">Interviewer</marc:subfield>
         <marc:subfield code="0">http://id.loc.gov/authorities/names/no2005104450</marc:subfield>
      </marc:datafield>
      <marc:datafield tag="720" ind1=" " ind2=" ">
         <marc:subfield code="a">Allilueva, Svetlana</marc:subfield>
         <marc:subfield code="e">Interviewee</marc:subfield>
         <marc:subfield code="0">http://id.loc.gov/authorities/names/n50021029</marc:subfield>
      </marc:datafield>
      <marc:datafield tag="720" ind1=" " ind2=" ">
         <marc:subfield code="a">National Educational Television and Radio Center</marc:subfield>
         <marc:subfield code="e">Production Company</marc:subfield>
         <marc:subfield code="0">http://id.loc.gov/authorities/names/n80050382</marc:subfield>
      </marc:datafield>
      <marc:datafield tag="720" ind1=" " ind2=" ">
         <marc:subfield code="a">Morgenthau,
         Henry</marc:subfield>
         <marc:subfield code="e">Producer</marc:subfield>
         <marc:subfield code="0">http://id.loc.gov/authorities/names/n88222920</marc:subfield>
      </marc:datafield>
      <marc:datafield tag="260" ind1=" " ind2=" ">
         <marc:subfield code="c">1967-10-2</marc:subfield>
      </marc:datafield>
      <marc:datafield tag="260" ind1=" " ind2=" ">
         <marc:subfield code="c">1967</marc:subfield>
      </marc:datafield>
      <marc:datafield tag="520" ind1=" " ind2=" ">
         <marc:subfield code="a">From NET microfiche: This interview with Mrs. Svetlana Alliluyeva, daughter of
         the late Josef Stalin, will be conducted live on the publication date of her book of
         memoirs, "Twenty Letters to a Friend." Though no advance script will be available, it is
         anticipated that she and NET correspondent Paul Niven will discuss in English - the book's
         revelations concerning Stalin and such products of his era as Secret Police head Lavrenti
         Beria, Soviet head of state Anastas Mikoyan, and deputy premier Georgi Malenkov. The
         41-year-old daughter of Stalin, who defected to this country in April, has already created
         a furor in the publishing world through the manuscript which she smuggled out of Russia on
         a trip to India last year. A pirated manuscript has appeared in England and the Soviet
         Union, and the New York Times and Life magazine will excerpt portions of the book this
         month. Though she does not classify herself as a writer, Mrs. Alliluyeva is a former member
         of the Soviet literary intelligentsia and worked as an English translator in a Soviet
         publishing house. The treatment of intellectuals in Russia - in particular, the sentencing
         of writers Andrei Sinyavasky and Yuli Daniel for publishing anti-Soviet works - has a
         strong impression on Mrs. Alliluyeva and was among the reasons for her defection from
         Russia. In coming to the United States, she was seeking "the self-expression that has been
         denied me for so long in Russia," and since finds "I am absolutely sure that I have done
         the right thing," though the move to America estranges her from her two children, at
         present in Russia. In an interview published last week (The New York Times, August 27),
         Mrs. Alliluyeva said that her father was never "the incarnation of evil," but that "perhaps
         the evil power conquered the good in our family." She especially noted a change in Stalin
         after her mother's suicide in 1932. Suggested Newspaper Listing: "NET Journal -"A
         Conversation with Svetlana Alliluyeva": the daughter of Josef Stalin discusses her late
         father's regime in a live interview with Paul Niven, conducted on the publication date of
         her controversial memoirs, "Twenty Letters to a Friend."</marc:subfield>
      </marc:datafield>
      <marc:datafield tag="337" ind1=" " ind2=" ">
         <marc:subfield code="a">Moving Image</marc:subfield>
         <marc:subfield code="2">MAVIS media type controlled vocabulary</marc:subfield>
      </marc:datafield>
      <marc:datafield tag="024" ind1="8" ind2=" ">
         <marc:subfield code="a">1833524</marc:subfield>
         <marc:subfield code="2">MAVIS Title Number</marc:subfield>
      </marc:datafield>
      <marc:datafield tag="024" ind1="8" ind2=" ">
         <marc:subfield code="a">NJCA</marc:subfield>
         <marc:subfield code="2">NET/PBS NOLA</marc:subfield>
      </marc:datafield>
      <marc:datafield tag="024" ind1="8" ind2=" ">
         <marc:subfield code="a">0</marc:subfield>
         <marc:subfield code="2">NET/PBS number</marc:subfield>
      </marc:datafield>
      <marc:datafield tag="546" ind1=" " ind2=" ">
         <marc:subfield code="a">English</marc:subfield>
      </marc:datafield>
      <marc:datafield tag="653" ind1=" " ind2=" ">
         <marc:subfield code="a">Children of heads of state</marc:subfield>
         <marc:subfield code="0">http://id.loc.gov/authorities/subjects/sh93003182</marc:subfield>
      </marc:datafield>
      <marc:datafield tag="653" ind1=" " ind2=" ">
         <marc:subfield code="a">Intellectuals--Soviet Union</marc:subfield>
         <marc:subfield code="0">http://id.loc.gov/authorities/subjects/sh2008123941</marc:subfield>
      </marc:datafield>
      <marc:datafield tag="653" ind1=" " ind2=" ">
         <marc:subfield code="a"/>
      </marc:datafield>
      <marc:datafield tag="653" ind1=" " ind2=" ">
         <marc:subfield code="a">Soviet Union</marc:subfield>
         <marc:subfield code="0">http://id.loc.gov/authorities/names/n80126312</marc:subfield>
      </marc:datafield>
      <marc:datafield tag="245" ind1="0" ind2="0">
         <marc:subfield code="a">NET journal. A conversation with Svetlana
         Alliluyeva.</marc:subfield>
         <marc:subfield code="b">a production of National Educational
         Television ; producer, Henry Morgenthau III.</marc:subfield>
      </marc:datafield>
      <marc:datafield tag="246" ind1="3" ind2="3">
         <marc:subfield code="a">A conversation with Svetlana
         Alliluyeva.</marc:subfield>
      </marc:datafield>
      <marc:datafield tag="246" ind1="3" ind2="3">
         <marc:subfield code="a">Svetlana Alliluyeva.</marc:subfield>
      </marc:datafield>
      <marc:datafield tag="655" ind1=" " ind2="0">
         <marc:subfield code="a">Nonfiction television programs
         (lcgft)</marc:subfield>
         <marc:subfield code="0">http://id.loc.gov/authorities/genreForms/gf2011026425</marc:subfield>
      </marc:datafield>
      <marc:datafield tag="655" ind1=" " ind2="0">
         <marc:subfield code="a">Television interviews
         (lcgft)</marc:subfield>
         <marc:subfield code="0">http://id.loc.gov/authorities/genreForms/gf2011026662\n</marc:subfield>
      </marc:datafield>
   </marc:record>