
   <marc:record>
      <marc:leader>      am         3u     </marc:leader>
      <marc:datafield tag="042" ind1=" " ind2=" ">
         <marc:subfield code="a">dc</marc:subfield>
      </marc:datafield>
      <marc:datafield tag="720" ind1=" " ind2=" ">
         <marc:subfield code="a">National Educational Television and Radio Center</marc:subfield>
         <marc:subfield code="e">Broadcaster</marc:subfield>
         <marc:subfield code="0">http://id.loc.gov/authorities/names/n80050382</marc:subfield>
      </marc:datafield>
      <marc:datafield tag="720" ind1=" " ind2=" ">
         <marc:subfield code="a">National
         Educational Television and Radio Center</marc:subfield>
         <marc:subfield code="e">Presenter</marc:subfield>
         <marc:subfield code="0">http://id.loc.gov/authorities/names/n80050382</marc:subfield>
      </marc:datafield>
      <marc:datafield tag="720" ind1=" " ind2=" ">
         <marc:subfield code="a">Intertel</marc:subfield>
         <marc:subfield code="e">Undetermined</marc:subfield>
         <marc:subfield code="0">http://id.loc.gov/authorities/names/nr98038189</marc:subfield>
      </marc:datafield>
      <marc:datafield tag="720" ind1=" " ind2=" ">
         <marc:subfield code="a">Australian Broadcasting Commission</marc:subfield>
         <marc:subfield code="e">Production Company</marc:subfield>
         <marc:subfield code="0">http://id.loc.gov/authorities/names/n80157635</marc:subfield>
      </marc:datafield>
      <marc:datafield tag="720" ind1=" " ind2=" ">
         <marc:subfield code="a">Power, John,
         1930-</marc:subfield>
         <marc:subfield code="e">Producer</marc:subfield>
         <marc:subfield code="0">http://id.loc.gov/authorities/names/nr2004019521</marc:subfield>
      </marc:datafield>
      <marc:datafield tag="720" ind1=" " ind2=" ">
         <marc:subfield code="a">Power, John,
         1930-</marc:subfield>
         <marc:subfield code="e">Director</marc:subfield>
         <marc:subfield code="0">http://id.loc.gov/authorities/names/nr2004019521</marc:subfield>
      </marc:datafield>
      <marc:datafield tag="720" ind1=" " ind2=" ">
         <marc:subfield code="a">Dean, Colin</marc:subfield>
         <marc:subfield code="e">Executive Producer</marc:subfield>
      </marc:datafield>
      <marc:datafield tag="260" ind1=" " ind2=" ">
         <marc:subfield code="c">1970-6-8</marc:subfield>
      </marc:datafield>
      <marc:datafield tag="260" ind1=" " ind2=" ">
         <marc:subfield code="c">1970-5-22</marc:subfield>
      </marc:datafield>
      <marc:datafield tag="520" ind1=" " ind2=" ">
         <marc:subfield code="a">From NET microfiche, file H: Program Description: Peasants in Java work for 20
         cents a day. Hardly any owns more than one acre of land and it is common for a family to
         have eight children. Because of the poverty and overcrowding, the Indonesian government
         offers free jungle land and a house to young, married, non-Communist men who will move to
         the island of Sumatra. The program follows Diyono, 28, his wife, Seppi, 25, and their three
         children on the nine-day, 800-mile trek from their hut in Java to their new jungle home. En
         route, the current conditions of Indonesia, since the deposing of Sukarno in 1966, is
         studied. As the couple moves from the heart of Java through Bali by truck, scenes of the
         instruction of a young Balinese ceremonial dancer are shown. The head dancer has been
         persuaded to allow birth control to be taught in the village - the Balinese are Hindus and
         not opposed to contraception (many Indonesians are Muslims and forbidden the practice). The
         program says that without drastic measure, Indonesia will have a population of 250 million
         by the year 2000. Barefoot pupils in a village school illustrate the problem of illiteracy
         in a country where 7 million youngsters receive no education at all because of lack of
         teachers and schools. Teachers earn $3 per month. The teeming city of Djakarta houses a
         "transition camp" for the family traveling to the jungle. The viewer sees Djakarta through
         the family's eyes. A university student, Sukalee, talks of political ferment. Sukalee, a
         former soldier, was part of the "generation of 1966" which ousted Sukarno from power.
         "Student power was the fashion in Indonesia before it became fashionable outside it,"
         producer John Power points out. General Soesatyo, Army historian, tells of the events
         leading to the Army-student overthrow of Sukarno and the killing of some 300,000 Communists
         or suspected Communists and jailing of 80,000 more. Regular political indoctrination
         sessions are now held for all citizens. The program shows such a session, as well as scenes
         of President Suharto and the Army officers who brought him to power. Scenes of student life
         - initiations and rock concerts (in English with amplified instruments) - and a beauty
         contest sponsored by a film magazine are shown. "Everything comes a little late to Djakarta
         ... yesterday's pop songs, the fashions of the year before," the program notes. The
         family's boat trip to Sumatra with more than 1,000 persons in an old Dutch vessel built for
         500 leads to an interview with the head of the government shipping agency. He complains of
         "mismanagement" and corruption of the 60-vessel fleet during Sukarno's reign. He has fired
         400 employees and set to fire another 400. Scenes of the family's trek through the jungle
         to their new house, carrying the scant equipment provided by the government, are
         interspersed with scenes of Sukalee being congratulated on getting his Master's degree. The
         program points out that few college graduates get good jobs, but that there is a feeling of
         increased hope. "One day we can be a major nation," Sukalee says. A thatched house is
         waiting for the Javanese family, along with five acres of land and enough food to tide them
         over until rice harvest. Although the trip through dense jungle just below the equator was
         harrowing, the family now has something few Indonesians have - a place of their
         own.</marc:subfield>
      </marc:datafield>
      <marc:datafield tag="337" ind1=" " ind2=" ">
         <marc:subfield code="a">Moving Image</marc:subfield>
         <marc:subfield code="2">MAVIS media type controlled vocabulary</marc:subfield>
      </marc:datafield>
      <marc:datafield tag="024" ind1="8" ind2=" ">
         <marc:subfield code="a">2445254</marc:subfield>
         <marc:subfield code="2">MAVIS Title Number</marc:subfield>
      </marc:datafield>
      <marc:datafield tag="024" ind1="8" ind2=" ">
         <marc:subfield code="a">NJHJ</marc:subfield>
         <marc:subfield code="2">NET/PBS NOLA</marc:subfield>
      </marc:datafield>
      <marc:datafield tag="024" ind1="8" ind2=" ">
         <marc:subfield code="a">0 (PBS-1994.xls Excel spreadsheet)</marc:subfield>
         <marc:subfield code="2">NET/PBS number</marc:subfield>
      </marc:datafield>
      <marc:datafield tag="024" ind1="8" ind2=" ">
         <marc:subfield code="a">277 (NET microfiche)</marc:subfield>
         <marc:subfield code="2">NET/PBS number</marc:subfield>
      </marc:datafield>
      <marc:datafield tag="546" ind1=" " ind2=" ">
         <marc:subfield code="a">English</marc:subfield>
      </marc:datafield>
      <marc:datafield tag="653" ind1=" " ind2=" ">
         <marc:subfield code="a">Indonesia--Economic
         conditions</marc:subfield>
         <marc:subfield code="0">http://id.loc.gov/authorities/subjects/sh85065739</marc:subfield>
      </marc:datafield>
      <marc:datafield tag="653" ind1=" " ind2=" ">
         <marc:subfield code="a">Indonesia--Social conditions</marc:subfield>
         <marc:subfield code="0">http://id.loc.gov/authorities/subjects/sh2008115463</marc:subfield>
      </marc:datafield>
      <marc:datafield tag="245" ind1="0" ind2="0">
         <marc:subfield code="a">NET journal. A house in the jungle.</marc:subfield>
         <marc:subfield code="b">produced by the Australian Broadcasting
         Commission ; Intertel production presented by National Educational Television ; executive
         producer, Colin Dean ; producer-director, John Power.</marc:subfield>
      </marc:datafield>
      <marc:datafield tag="246" ind1="3" ind2="3">
         <marc:subfield code="a">A house in the jungle.</marc:subfield>
      </marc:datafield>
      <marc:datafield tag="246" ind1="3" ind2="3">
         <marc:subfield code="a">A house in jungle.</marc:subfield>
      </marc:datafield>
      <marc:datafield tag="246" ind1="3" ind2="3">
         <marc:subfield code="a">NET journal. [No. 277], A house in the
         jungle.</marc:subfield>
      </marc:datafield>
      <marc:datafield tag="655" ind1=" " ind2="0">
         <marc:subfield code="a">Documentary television programs
         (lcgft)</marc:subfield>
         <marc:subfield code="0">http://id.loc.gov/authorities/genreForms/gf2011026207</marc:subfield>
      </marc:datafield>
      <marc:datafield tag="655" ind1=" " ind2="0">
         <marc:subfield code="a">Nonfiction television programs
         (lcgft)</marc:subfield>
         <marc:subfield code="0">http://id.loc.gov/authorities/genreForms/gf2011026425</marc:subfield>
      </marc:datafield>
   </marc:record>