
   <marc:record>
      <marc:leader>      am         3u     </marc:leader>
      <marc:datafield tag="042" ind1=" " ind2=" ">
         <marc:subfield code="a">dc</marc:subfield>
      </marc:datafield>
      <marc:datafield tag="720" ind1=" " ind2=" ">
         <marc:subfield code="a">National Educational Television and Radio Center</marc:subfield>
         <marc:subfield code="e">Broadcaster</marc:subfield>
         <marc:subfield code="0">http://id.loc.gov/authorities/names/n80050382</marc:subfield>
      </marc:datafield>
      <marc:datafield tag="720" ind1=" " ind2=" ">
         <marc:subfield code="a">National
         Educational Television and Radio Center</marc:subfield>
         <marc:subfield code="e">Presenter</marc:subfield>
         <marc:subfield code="0">http://id.loc.gov/authorities/names/n80050382</marc:subfield>
      </marc:datafield>
      <marc:datafield tag="720" ind1=" " ind2=" ">
         <marc:subfield code="a">Patterson, Lee, 1929-2007</marc:subfield>
         <marc:subfield code="e">Cast/Actor</marc:subfield>
      </marc:datafield>
      <marc:datafield tag="720" ind1=" " ind2=" ">
         <marc:subfield code="a">Vernon, Hilary</marc:subfield>
         <marc:subfield code="e">Cast/Actor</marc:subfield>
      </marc:datafield>
      <marc:datafield tag="720" ind1=" " ind2=" ">
         <marc:subfield code="a">Mayeska, Irena</marc:subfield>
         <marc:subfield code="e">Cast/Actor</marc:subfield>
      </marc:datafield>
      <marc:datafield tag="720" ind1=" " ind2=" ">
         <marc:subfield code="a">Canadian Broadcasting Corporation</marc:subfield>
         <marc:subfield code="e">Production Company</marc:subfield>
         <marc:subfield code="0">http://id.loc.gov/authorities/names/n80085267</marc:subfield>
      </marc:datafield>
      <marc:datafield tag="720" ind1=" " ind2=" ">
         <marc:subfield code="a">Tovell,
         Vincent</marc:subfield>
         <marc:subfield code="e">Producer</marc:subfield>
         <marc:subfield code="0">http://id.loc.gov/authorities/names/nr99021887</marc:subfield>
      </marc:datafield>
      <marc:datafield tag="720" ind1=" " ind2=" ">
         <marc:subfield code="a">Tovell,
         Vincent</marc:subfield>
         <marc:subfield code="e">Director</marc:subfield>
         <marc:subfield code="0">http://id.loc.gov/authorities/names/nr99021887</marc:subfield>
      </marc:datafield>
      <marc:datafield tag="720" ind1=" " ind2=" ">
         <marc:subfield code="a">Whitehead, William, 1931</marc:subfield>
         <marc:subfield code="e">Scriptwriter</marc:subfield>
         <marc:subfield code="0">http://id.loc.gov/authorities/names/n80015326</marc:subfield>
      </marc:datafield>
      <marc:datafield tag="260" ind1=" " ind2=" ">
         <marc:subfield code="c">1969-8-4</marc:subfield>
      </marc:datafield>
      <marc:datafield tag="520" ind1=" " ind2=" ">
         <marc:subfield code="a">From NET microfiche, file M: This documentary-drama, produced for Intertel by
         the Canadian Broadcasting Corporation, depicts the life of a cancer patient at Princess
         Margaret Hospital in Toronto. In this production, dramatic actor Lee Patterson plays Ted
         Andersen, a man under treatment for Hodgkin's disease, a form of lymphatic cancer. The
         other principals include two actors - Irena Mayeska as Andersen's wife, and Hilary Vernon
         as another cancer patient - and the actual doctors, researchers, nurses, and other hospital
         employees. This method combines the realism of a cancer ward with the controlled pathos
         achieved through a dramatic form. The program traces Andersen's care from his first day at
         the hospital, following the discovery of a small, painless lump in his neck. He proceeds
         through a round of examinations, tests, diagnoses, and radiotherapy treatments. A doctor is
         assigned to see him through his course of treatment, and the patient is encouraged to
         continue his normal work and social life. "The story moves on several levels,"
         producer-director Vincent Tovell; "what happens to Ted; what happens in places he doesn't
         know about - labs, research centers, conferences; what he feels inside - fears, doubts,
         hopes, mental strain; and how his problem affects his relationship with his wife, children
         and co-workers. "We recorded a lot of material with doctors and nurses, and made a mosaic
         sound track of bits and pieces of many people's thoughts and reactions. Very little
         technical language is used. We filmed morning, noon, and night with small portable
         equipment, surrounded by real patients. It was an inspiring experience." No scripted
         dialogue or interviews are used. Instead the actors improvise their words within each
         scene. Throughout the drama, time - enemy or ally - is a principal character. Time is the
         hope of cure, the dread of pain, the specter of death; and the drama is posed against this
         "matter of time." Lee Patterson, who plays Ted Andersen, has appeared in more than 32
         British-produced movies and 20 plays, as well as many Canadian and American television
         programs and stage plays. He was star of the television adventure series "Surfside
         Six."</marc:subfield>
      </marc:datafield>
      <marc:datafield tag="337" ind1=" " ind2=" ">
         <marc:subfield code="a">Moving Image</marc:subfield>
         <marc:subfield code="2">MAVIS media type controlled vocabulary</marc:subfield>
      </marc:datafield>
      <marc:datafield tag="024" ind1="8" ind2=" ">
         <marc:subfield code="a">2331981</marc:subfield>
         <marc:subfield code="2">MAVIS Title Number</marc:subfield>
      </marc:datafield>
      <marc:datafield tag="024" ind1="8" ind2=" ">
         <marc:subfield code="a">NJMO</marc:subfield>
         <marc:subfield code="2">NET/PBS NOLA</marc:subfield>
      </marc:datafield>
      <marc:datafield tag="024" ind1="8" ind2=" ">
         <marc:subfield code="a">0 (PBS-1994.xls Excel spreadsheet)</marc:subfield>
         <marc:subfield code="2">NET/PBS number</marc:subfield>
      </marc:datafield>
      <marc:datafield tag="024" ind1="8" ind2=" ">
         <marc:subfield code="a">243 (NET microfiche, NET journal)</marc:subfield>
         <marc:subfield code="2">NET/PBS number</marc:subfield>
      </marc:datafield>
      <marc:datafield tag="024" ind1="8" ind2=" ">
         <marc:subfield code="a">56 (NET microfiche, Intertel)</marc:subfield>
         <marc:subfield code="2">NET/PBS number</marc:subfield>
      </marc:datafield>
      <marc:datafield tag="546" ind1=" " ind2=" ">
         <marc:subfield code="a">English</marc:subfield>
      </marc:datafield>
      <marc:datafield tag="653" ind1=" " ind2=" ">
         <marc:subfield code="a">Cancer</marc:subfield>
         <marc:subfield code="0">http://id.loc.gov/authorities/subjects/sh85019492</marc:subfield>
      </marc:datafield>
      <marc:datafield tag="653" ind1=" " ind2=" ">
         <marc:subfield code="a">Cancer--Diagnosis</marc:subfield>
         <marc:subfield code="0">http://id.loc.gov/authorities/subjects/sh85019501</marc:subfield>
      </marc:datafield>
      <marc:datafield tag="653" ind1=" " ind2=" ">
         <marc:subfield code="a">Cancer--Treatment</marc:subfield>
         <marc:subfield code="0">http://id.loc.gov/authorities/subjects/sh85019547</marc:subfield>
      </marc:datafield>
      <marc:datafield tag="245" ind1="0" ind2="0">
         <marc:subfield code="a">NET journal. A matter of time.</marc:subfield>
         <marc:subfield code="b">produced for Intertel by the Canadian
         Broadcasting Corporation ; a National Educational Television presentation ;
         producer-director, Vincent Tovell ; script, William Whitehead.</marc:subfield>
      </marc:datafield>
      <marc:datafield tag="246" ind1="3" ind2="3">
         <marc:subfield code="a">A matter of time.</marc:subfield>
      </marc:datafield>
      <marc:datafield tag="246" ind1="3" ind2="3">
         <marc:subfield code="a">Intertel. [No. 56], A matter of time.</marc:subfield>
      </marc:datafield>
      <marc:datafield tag="246" ind1="3" ind2="3">
         <marc:subfield code="a">NET journal. [No. 243], A matter of time.</marc:subfield>
      </marc:datafield>
      <marc:datafield tag="655" ind1=" " ind2="0">
         <marc:subfield code="a">Documentary-style television programs
         (lcgft)</marc:subfield>
         <marc:subfield code="0">http://id.loc.gov/authorities/genreForms/gf2011026209</marc:subfield>
      </marc:datafield>
      <marc:datafield tag="655" ind1=" " ind2="0">
         <marc:subfield code="a">Fiction television programs
         (lcgft)</marc:subfield>
         <marc:subfield code="0">http://id.loc.gov/authorities/genreForms/gf2011026252\n</marc:subfield>
      </marc:datafield>
      <marc:datafield tag="655" ind1=" " ind2="0">
         <marc:subfield code="a">Medical television programs
         (lcgft)</marc:subfield>
         <marc:subfield code="0">http://id.loc.gov/authorities/genreForms/gf2011026392</marc:subfield>
      </marc:datafield>
   </marc:record>