
   <marc:record>
      <marc:leader>      am         3u     </marc:leader>
      <marc:datafield tag="042" ind1=" " ind2=" ">
         <marc:subfield code="a">dc</marc:subfield>
      </marc:datafield>
      <marc:datafield tag="720" ind1=" " ind2=" ">
         <marc:subfield code="a">National Educational Television and Radio Center</marc:subfield>
         <marc:subfield code="e">Broadcaster</marc:subfield>
         <marc:subfield code="0">http://id.loc.gov/authorities/names/n80050382</marc:subfield>
      </marc:datafield>
      <marc:datafield tag="720" ind1=" " ind2=" ">
         <marc:subfield code="a">National Educational Television and Radio Center</marc:subfield>
         <marc:subfield code="e">Production Company</marc:subfield>
         <marc:subfield code="0">http://id.loc.gov/authorities/names/n80050382</marc:subfield>
      </marc:datafield>
      <marc:datafield tag="720" ind1=" " ind2=" ">
         <marc:subfield code="a">Willis, Jack
         (Film producer)</marc:subfield>
         <marc:subfield code="e">Producer</marc:subfield>
         <marc:subfield code="0">http://id.loc.gov/authorities/names/no2014141177</marc:subfield>
      </marc:datafield>
      <marc:datafield tag="720" ind1=" " ind2=" ">
         <marc:subfield code="a">Willis, Jack
         (Film producer)</marc:subfield>
         <marc:subfield code="e">Writer</marc:subfield>
         <marc:subfield code="0">http://id.loc.gov/authorities/names/no2014141177</marc:subfield>
      </marc:datafield>
      <marc:datafield tag="260" ind1=" " ind2=" ">
         <marc:subfield code="c">1969-6</marc:subfield>
      </marc:datafield>
      <marc:datafield tag="260" ind1=" " ind2=" ">
         <marc:subfield code="c">1968-11-11</marc:subfield>
      </marc:datafield>
      <marc:datafield tag="520" ind1=" " ind2=" ">
         <marc:subfield code="a">From NET microfiche: Suggested Newspaper Listing: NET Journal - "Appalachia:
         Rich Land, Poor People": An award winning study of a coal rich land and the festering
         poverty first publicized by President Kennedy almost a decade ago. Program Description:
         This program first aired on November 11, 1968. It was one of three cited by Saturday Review
         in its award to NET Journal for distinguished programming during the past year. This
         program is about the gap between a coal-rich land and its wasted people. Appalachia, a
         mountainous region largely centered in the southeastern United States, was the first
         section designated as a poverty area under the Kennedy Administration. Therefore, this
         program concerns the thriving germ of poverty despite the presence of federal money, as
         well as the area's natural resources. The documentary focuses on the Collins family, whose
         plight epitomizes that of the Appalachia residents of northern Kentucky and West Virginia.
         A miner for 10 years, Collins lost his job when the company mechanized its operation. Since
         then, he has had little work, and has relied on welfare to provide a meager existence for
         his family of five. A man of 36, he has seemingly no future, and must look to old
         photograph albums for a sense of the hope that he and his wife once envisioned. Unlike
         Collins, almost a million Appalachians have left the area since 1950. But for the 1 
         million remaining inhabitants, the land and the facts of industrial life offer little
         prospect for hope. The wealth of Appalachia is underground, and the profits accrue to the
         coal companies, the program notes. "Some of America's largest corporations like Bethlehem,
         US and Republic Steel take millions of dollars of coal annually from Appalachian counties.
         Yet many of those same counties are pauper counties." Contributing to this imbalance is the
         fact that outside coal and land companies pay relatively little in state income taxes and
         local property taxes. So, "there is little money for schools, park, or health services."
         One county tax assessor unwittingly sums up when he admits that no land surveys are made:
         "You just have to trust the figures of the coal companies." The coal companies themselves
         justify it as true private enterprise - "an example of how the country was founded . Do it
         any other way, it's just socialism. If we're wrong, then the country is wrong." Encouraged
         by VISTA volunteers, some of the local residents are attempting to organize. Their cause in
         some cases coincided with the abortive Poor People's Campaign of the past summer. They are
         especially piqued about a 45 percent cut in their welfare payments by the West Virginia
         State Legislature. But as yet their efforts have had little impact. Predictably, the middle
         class exhibited shock and fear when presented with the threat of organized demands. At one
         Chamber of Commerce meeting, professional anti-communist Herbert Philbrick confronts the
         dangers of red infiltration throughout the country, especially in Eastern Kentucky. At this
         meeting, which was filmed by NET, local people turn their venom against the camera crew for
         "treading on damn dangerous ground" with "your boots and fuzzy faces."</marc:subfield>
      </marc:datafield>
      <marc:datafield tag="337" ind1=" " ind2=" ">
         <marc:subfield code="a">Moving Image</marc:subfield>
         <marc:subfield code="2">MAVIS media type controlled vocabulary</marc:subfield>
      </marc:datafield>
      <marc:datafield tag="024" ind1="8" ind2=" ">
         <marc:subfield code="a">2337267</marc:subfield>
         <marc:subfield code="2">MAVIS Title Number</marc:subfield>
      </marc:datafield>
      <marc:datafield tag="024" ind1="8" ind2=" ">
         <marc:subfield code="a">238</marc:subfield>
         <marc:subfield code="2">NET/PBS number</marc:subfield>
      </marc:datafield>
      <marc:datafield tag="546" ind1=" " ind2=" ">
         <marc:subfield code="a">English</marc:subfield>
      </marc:datafield>
      <marc:datafield tag="653" ind1=" " ind2=" ">
         <marc:subfield code="a">Appalachian Region</marc:subfield>
         <marc:subfield code="0">http://id.loc.gov/authorities/subjects/sh85006073</marc:subfield>
      </marc:datafield>
      <marc:datafield tag="245" ind1="0" ind2="0">
         <marc:subfield code="a">NET journal. Appalachia--Rich land, poor
         people.</marc:subfield>
         <marc:subfield code="b">a National Educational Television production ;
         producer, writer, Jack Willis .</marc:subfield>
      </marc:datafield>
      <marc:datafield tag="246" ind1="3" ind2="3">
         <marc:subfield code="a">Appalachia--Rich land, poor
         people.</marc:subfield>
      </marc:datafield>
      <marc:datafield tag="246" ind1="3" ind2="3">
         <marc:subfield code="a">Rich land, poor people.</marc:subfield>
      </marc:datafield>
      <marc:datafield tag="246" ind1="3" ind2="3">
         <marc:subfield code="a">Appalachia: Rich land,
         poor land.</marc:subfield>
      </marc:datafield>
      <marc:datafield tag="246" ind1="3" ind2="3">
         <marc:subfield code="a">NET journal. [1969 June]. Appalachia--Rich land, poor
         people.</marc:subfield>
      </marc:datafield>
      <marc:datafield tag="246" ind1="3" ind2="3">
         <marc:subfield code="a">NET journal. [1968-11-11]. Appalachia--Rich land,
         poor people.</marc:subfield>
      </marc:datafield>
      <marc:datafield tag="246" ind1="3" ind2="3">
         <marc:subfield code="a">NET journal. [No. 238], Appalachia--Rich land, poor
         people.</marc:subfield>
      </marc:datafield>
      <marc:datafield tag="655" ind1=" " ind2="0">
         <marc:subfield code="a">Documentary television programs
         (lcgft)</marc:subfield>
         <marc:subfield code="0">http://id.loc.gov/authorities/genreForms/gf2011026207</marc:subfield>
      </marc:datafield>
      <marc:datafield tag="655" ind1=" " ind2="0">
         <marc:subfield code="a">Nonfiction television programs
         (lcgft)</marc:subfield>
         <marc:subfield code="0">http://id.loc.gov/authorities/genreForms/gf2011026425</marc:subfield>
      </marc:datafield>
      <marc:datafield tag="655" ind1=" " ind2="0">
         <marc:subfield code="a">Public affairs television programs
         (lcgft)</marc:subfield>
         <marc:subfield code="0">http://id.loc.gov/authorities/genreForms/gf2011026476</marc:subfield>
      </marc:datafield>
   </marc:record>