
   <marc:record>
      <marc:leader>      am         3u     </marc:leader>
      <marc:datafield tag="042" ind1=" " ind2=" ">
         <marc:subfield code="a">dc</marc:subfield>
      </marc:datafield>
      <marc:datafield tag="720" ind1=" " ind2=" ">
         <marc:subfield code="a">National Educational Television and Radio Center</marc:subfield>
         <marc:subfield code="e">Broadcaster</marc:subfield>
         <marc:subfield code="0">http://id.loc.gov/authorities/names/n80050382</marc:subfield>
      </marc:datafield>
      <marc:datafield tag="720" ind1=" " ind2=" ">
         <marc:subfield code="a">Davidoff, Norma</marc:subfield>
         <marc:subfield code="e">Associate Producer</marc:subfield>
         <marc:subfield code="0">http://id.loc.gov/authorities/names/no99034840</marc:subfield>
      </marc:datafield>
      <marc:datafield tag="720" ind1=" " ind2=" ">
         <marc:subfield code="a">National Educational Television and Radio Center</marc:subfield>
         <marc:subfield code="e">Production Company</marc:subfield>
         <marc:subfield code="0">http://id.loc.gov/authorities/names/n80050382</marc:subfield>
      </marc:datafield>
      <marc:datafield tag="720" ind1=" " ind2=" ">
         <marc:subfield code="a">McCutchen,
         Dick</marc:subfield>
         <marc:subfield code="e">Producer</marc:subfield>
         <marc:subfield code="0">http://id.loc.gov/authorities/names/no00028548</marc:subfield>
      </marc:datafield>
      <marc:datafield tag="720" ind1=" " ind2=" ">
         <marc:subfield code="a">McCutchen,
         Dick</marc:subfield>
         <marc:subfield code="e">Writer</marc:subfield>
         <marc:subfield code="0">http://id.loc.gov/authorities/names/no00028548</marc:subfield>
      </marc:datafield>
      <marc:datafield tag="720" ind1=" " ind2=" ">
         <marc:subfield code="a">McCutchen,
         Dick</marc:subfield>
         <marc:subfield code="e">Director</marc:subfield>
         <marc:subfield code="0">http://id.loc.gov/authorities/names/no00028548</marc:subfield>
      </marc:datafield>
      <marc:datafield tag="260" ind1=" " ind2=" ">
         <marc:subfield code="c">1969-4-21</marc:subfield>
      </marc:datafield>
      <marc:datafield tag="260" ind1=" " ind2=" ">
         <marc:subfield code="c">1969-4-18</marc:subfield>
      </marc:datafield>
      <marc:datafield tag="520" ind1=" " ind2=" ">
         <marc:subfield code="a">" "Black and White Together?" focuses on a 1969 project that gauged the
         development of teen-age values in Atlantic City, N.J. Black and white teen-agers
         participated in classroom activities and were housed together at night. Shown: classroom
         confrontations and counseling sessions that reflect attitudes toward interracial
         living."--TV Guide.com From NET microfiche, file B: This program studies Atlantic City's
         Project WILL in the larger context of secondary school education in America today. The
         project, backed by $100,000 in Title I funds, was set up for two six-week periods at the
         Hotel Traymore on the boardwalk at Atlantic City. Here, some 80 students, black and white,
         engaged in a process of "living and learning." Each of the students checked into the hotel
         daily after attending regular high school classes. The goals of the project: an "effort to
         remove students from the totality of their environment"; to foster interracial
         understanding and learning skills in a relaxed, though structured, atmosphere. The
         documentary is a report on the project - its goals and its shortcomings. It focuses on Rod
         MacDonald, assistant director, who comes to recognize that "to have change you must
         necessarily upset the static condition that exists." He is opposed in the project's regimen
         by director Edgar Harris. "What right have these students got to evaluate me? I've got my
         Master's and I'm working on my PhD," he says, defending his hardline approach. Their
         opposing philosophies reflect a split within Project WILL, with many of the students
         contesting the value of the project and of their current education. Walking along the
         boardwalk, a student who has dropped out of Project WILL tells MacDonald: "It's the
         educational system that's preparing us for the larger system. I could care less about the
         square of the hypotenuse. What motivation is there in high school?" A key moment in the
         documentary shows the furor created by one girl's statement: "I wouldn't go out with a
         colored boy." Students and administrators are incensed by this "bigotry," but MacDonald
         says: "It's the first honest thing that happened here." MacDonald begins to understand the
         immensity of this job when he meets with black parents and confers with Sam Sanderson,
         former director of the Office of Evaluation, Sate of New Jersey. But by the second half of
         the project, he is encouraging students to "protest and do it, then come see me," when they
         conduct a "sleep-in" for the right to bring in food at night. Near the end of the project,
         he and Harris are more obviously at odds. Harris, hardening his attitudes, interrupts an
         evaluation meeting to eject the NET camera crew in a climactic moment. Sanderson concludes:
         "The program was written by adults under the guise of letting youngsters make their own
         decisions, but it didn't happen that way. Blacks and whites don't live together. It's
         pretty impossible to live together under the present system." NET Journal - "Black and
         White Together?" is an NET production. Produced and written by Dick McCutchen Associate
         producer: Norma Davidoff</marc:subfield>
      </marc:datafield>
      <marc:datafield tag="337" ind1=" " ind2=" ">
         <marc:subfield code="a">Moving Image</marc:subfield>
         <marc:subfield code="2">MAVIS media type controlled vocabulary</marc:subfield>
      </marc:datafield>
      <marc:datafield tag="024" ind1="8" ind2=" ">
         <marc:subfield code="a">2004966</marc:subfield>
         <marc:subfield code="2">MAVIS Title Number</marc:subfield>
      </marc:datafield>
      <marc:datafield tag="024" ind1="8" ind2=" ">
         <marc:subfield code="a">BLWT</marc:subfield>
         <marc:subfield code="2">NET/PBS NOLA</marc:subfield>
      </marc:datafield>
      <marc:datafield tag="024" ind1="8" ind2=" ">
         <marc:subfield code="a">0</marc:subfield>
         <marc:subfield code="2">NET/PBS number</marc:subfield>
      </marc:datafield>
      <marc:datafield tag="546" ind1=" " ind2=" ">
         <marc:subfield code="a">English</marc:subfield>
      </marc:datafield>
      <marc:datafield tag="653" ind1=" " ind2=" ">
         <marc:subfield code="a">United States--Race relations</marc:subfield>
         <marc:subfield code="0">http://id.loc.gov/authorities/subjects/sh85140494</marc:subfield>
      </marc:datafield>
      <marc:datafield tag="653" ind1=" " ind2=" ">
         <marc:subfield code="a">Teenagers--United States</marc:subfield>
         <marc:subfield code="0">http://id.loc.gov/authorities/subjects/sh87006832</marc:subfield>
      </marc:datafield>
      <marc:datafield tag="653" ind1=" " ind2=" ">
         <marc:subfield code="a">Race relations</marc:subfield>
         <marc:subfield code="0">http://id.loc.gov/authorities/subjects/sh85110249</marc:subfield>
      </marc:datafield>
      <marc:datafield tag="653" ind1=" " ind2=" ">
         <marc:subfield code="a">African Americans</marc:subfield>
         <marc:subfield code="0">http://id.loc.gov/authorities/subjects/sh85001932</marc:subfield>
      </marc:datafield>
      <marc:datafield tag="245" ind1="0" ind2="0">
         <marc:subfield code="a">NET journal. Black and white
         together?</marc:subfield>
         <marc:subfield code="b">NET ; producer-director-writer, Dick McCutchen
         ; associate producer, Norma Davidoff.</marc:subfield>
      </marc:datafield>
      <marc:datafield tag="246" ind1="3" ind2="3">
         <marc:subfield code="a">NET journal.
         [No. 233], Black and white together?</marc:subfield>
      </marc:datafield>
      <marc:datafield tag="246" ind1="3" ind2="3">
         <marc:subfield code="a">Black and white together.</marc:subfield>
      </marc:datafield>
      <marc:datafield tag="246" ind1="3" ind2="3">
         <marc:subfield code="a">NET journal. Black &amp; white together?</marc:subfield>
      </marc:datafield>
      <marc:datafield tag="246" ind1="3" ind2="3">
         <marc:subfield code="a">Black &amp; white together.</marc:subfield>
      </marc:datafield>
      <marc:datafield tag="655" ind1=" " ind2="0">
         <marc:subfield code="a">Documentary television programs
         (lcgft)</marc:subfield>
         <marc:subfield code="0">http://id.loc.gov/authorities/genreForms/gf2011026207</marc:subfield>
      </marc:datafield>
      <marc:datafield tag="655" ind1=" " ind2="0">
         <marc:subfield code="a">Nonfiction television programs
         (lcgft)</marc:subfield>
         <marc:subfield code="0">http://id.loc.gov/authorities/genreForms/gf2011026425</marc:subfield>
      </marc:datafield>
   </marc:record>