
   <marc:record>
      <marc:leader>      am         3u     </marc:leader>
      <marc:datafield tag="042" ind1=" " ind2=" ">
         <marc:subfield code="a">dc</marc:subfield>
      </marc:datafield>
      <marc:datafield tag="720" ind1=" " ind2=" ">
         <marc:subfield code="a">National Educational Television and Radio Center</marc:subfield>
         <marc:subfield code="e">Broadcaster</marc:subfield>
         <marc:subfield code="0">http://id.loc.gov/authorities/names/n80050382</marc:subfield>
      </marc:datafield>
      <marc:datafield tag="720" ind1=" " ind2=" ">
         <marc:subfield code="a">National
         Educational Television and Radio Center</marc:subfield>
         <marc:subfield code="e">Presenter</marc:subfield>
         <marc:subfield code="0">http://id.loc.gov/authorities/names/n80050382</marc:subfield>
      </marc:datafield>
      <marc:datafield tag="720" ind1=" " ind2=" ">
         <marc:subfield code="a">Pincus,
         Edward</marc:subfield>
         <marc:subfield code="e">Editor</marc:subfield>
         <marc:subfield code="0">http://id.loc.gov/authorities/names/n82214335</marc:subfield>
      </marc:datafield>
      <marc:datafield tag="720" ind1=" " ind2=" ">
         <marc:subfield code="a">Neuman, David</marc:subfield>
         <marc:subfield code="e">Editor</marc:subfield>
      </marc:datafield>
      <marc:datafield tag="720" ind1=" " ind2=" ">
         <marc:subfield code="a">Pincus,
         Edward</marc:subfield>
         <marc:subfield code="e">Producer</marc:subfield>
         <marc:subfield code="0">http://id.loc.gov/authorities/names/n82214335</marc:subfield>
      </marc:datafield>
      <marc:datafield tag="720" ind1=" " ind2=" ">
         <marc:subfield code="a">Pincus,
         Edward</marc:subfield>
         <marc:subfield code="e">Director</marc:subfield>
         <marc:subfield code="0">http://id.loc.gov/authorities/names/n82214335</marc:subfield>
      </marc:datafield>
      <marc:datafield tag="720" ind1=" " ind2=" ">
         <marc:subfield code="a">Neuman, David</marc:subfield>
         <marc:subfield code="e">Producer</marc:subfield>
      </marc:datafield>
      <marc:datafield tag="720" ind1=" " ind2=" ">
         <marc:subfield code="a">Neuman, David</marc:subfield>
         <marc:subfield code="e">Director</marc:subfield>
      </marc:datafield>
      <marc:datafield tag="260" ind1=" " ind2=" ">
         <marc:subfield code="c">1967-3-27</marc:subfield>
      </marc:datafield>
      <marc:datafield tag="260" ind1=" " ind2=" ">
         <marc:subfield code="c">1968-8-26</marc:subfield>
      </marc:datafield>
      <marc:datafield tag="260" ind1=" " ind2=" ">
         <marc:subfield code="c">1968</marc:subfield>
      </marc:datafield>
      <marc:datafield tag="520" ind1=" " ind2=" ">
         <marc:subfield code="a">Aired on NET Journal. A film by Edward Pincus and David Neuman, "A cinema
         verite account of the attempt to organize a black community in the Deep South in 1965
         during the heyday of the Civil Rights Movement. A black leader has been car-bombed and a
         struggle ensues in the black community for control. A group of black men organize a chapter
         of the Deacons for Defense--a secret armed self-defense group. The community splits between
         more conservative and activist elements"--Internet movie database WWW site, viewed
         2011-11-09. Includes Speeches by Charles Evers from NAACP. Interviews with locals, National
         Guard &amp; Police curview. Commentary by James Jackson. NET microfiche, file B: "Black
         Natchez" is about a genteel Southern town and two bombings a year and a half apart. The
         first bombing in August 1965 injured local NAACP president George Metcalfe. The second on
         February 27, 1967 killed local NAACP treasurer Wharlest Jackson. The film is concerned
         primarily with the undercurrents within the Negro community, prior to and after the first
         bombing. As the film begins, local Negroes are trying to form a self-protection group,
         called "Deacons." Masked behind the bravado, there is apathy and some fear. Organizing
         isn't popular here. James Jackson, a barber who emerges as the "hero" of the film, is
         preparing to leave the civil rights movement out of frustration - then the first bombing
         occurs. The Negroes become militant. And two groups - the NAACP and the Mississippi Freedom
         Democratic Party (MFDP) - begin their own power struggle. But despite the turmoil, the
         Negroes aren't ready to affect Natchez permanently. The mayor makes familiar concessions
         and the Negro movement subsides. A year and a half later, Natchez has a few Negro
         policemen, but is it debatable whether any of them can arrest a white man. Some Negro
         children have tried to attend white schools, but soon stopped going. And the mayor, despite
         demand, has refused to denounce the Ku Klux Klan. But after the second bombing, recorded at
         the film's end, the mayor must make some accommodation. Black Natchez, though not strongly
         united, can react at a time of violence. Therefore, the mayor comes to a meeting of Negro
         leaders - an indication that the white power structure had decided it can live with the
         black power structure. Above all, however, the film is not about bombings but about people
         - black people. Told without narration, in the cinema verite style, it probes the
         decision-making process within the Negro community - between middle class and poor Negroes,
         between women and men.</marc:subfield>
      </marc:datafield>
      <marc:datafield tag="337" ind1=" " ind2=" ">
         <marc:subfield code="a">Moving Image</marc:subfield>
         <marc:subfield code="2">MAVIS media type controlled vocabulary</marc:subfield>
      </marc:datafield>
      <marc:datafield tag="024" ind1="8" ind2=" ">
         <marc:subfield code="a">1849182</marc:subfield>
         <marc:subfield code="2">MAVIS Title Number</marc:subfield>
      </marc:datafield>
      <marc:datafield tag="024" ind1="8" ind2=" ">
         <marc:subfield code="a">NJBN</marc:subfield>
         <marc:subfield code="2">NET/PBS NOLA</marc:subfield>
      </marc:datafield>
      <marc:datafield tag="024" ind1="8" ind2=" ">
         <marc:subfield code="a">0</marc:subfield>
         <marc:subfield code="2">NET/PBS number</marc:subfield>
      </marc:datafield>
      <marc:datafield tag="546" ind1=" " ind2=" ">
         <marc:subfield code="a">English</marc:subfield>
      </marc:datafield>
      <marc:datafield tag="653" ind1=" " ind2=" ">
         <marc:subfield code="a">Southern States--Race
         relations</marc:subfield>
         <marc:subfield code="0">http://id.loc.gov/authorities/subjects/sh2008111476</marc:subfield>
      </marc:datafield>
      <marc:datafield tag="653" ind1=" " ind2=" ">
         <marc:subfield code="a">Civil rights movements</marc:subfield>
         <marc:subfield code="0">http://id.loc.gov/authorities/subjects/sh85026384</marc:subfield>
      </marc:datafield>
      <marc:datafield tag="653" ind1=" " ind2=" ">
         <marc:subfield code="a">United States--Race relations</marc:subfield>
         <marc:subfield code="0">http://id.loc.gov/authorities/subjects/sh85140494</marc:subfield>
      </marc:datafield>
      <marc:datafield tag="653" ind1=" " ind2=" ">
         <marc:subfield code="a">National Association for the
         Advancement of Colored People</marc:subfield>
         <marc:subfield code="0">http://id.loc.gov/authorities/names/n80049704</marc:subfield>
      </marc:datafield>
      <marc:datafield tag="245" ind1="0" ind2="0">
         <marc:subfield code="a">NET journal. Black Natchez.</marc:subfield>
         <marc:subfield code="b">a presentation of National Educational
         Television ; co-produced, directed and edited by Edward Pincus and David
         Neuman.</marc:subfield>
      </marc:datafield>
      <marc:datafield tag="246" ind1="3" ind2="3">
         <marc:subfield code="a">Black Natchez.</marc:subfield>
      </marc:datafield>
      <marc:datafield tag="655" ind1=" " ind2="0">
         <marc:subfield code="a">Documentary television programs
         (lcgft)</marc:subfield>
         <marc:subfield code="0">http://id.loc.gov/authorities/genreForms/gf2011026207</marc:subfield>
      </marc:datafield>
      <marc:datafield tag="655" ind1=" " ind2="0">
         <marc:subfield code="a">Nonfiction television programs
         (lcgft)</marc:subfield>
         <marc:subfield code="0">http://id.loc.gov/authorities/genreForms/gf2011026425</marc:subfield>
      </marc:datafield>
      <marc:datafield tag="655" ind1=" " ind2="0">
         <marc:subfield code="a">Public affairs television programs
         (lcgft)</marc:subfield>
         <marc:subfield code="0">http://id.loc.gov/authorities/genreForms/gf2011026476</marc:subfield>
      </marc:datafield>
   </marc:record>