
   <marc:record>
      <marc:leader>      am         3u     </marc:leader>
      <marc:datafield tag="042" ind1=" " ind2=" ">
         <marc:subfield code="a">dc</marc:subfield>
      </marc:datafield>
      <marc:datafield tag="720" ind1=" " ind2=" ">
         <marc:subfield code="a">National Educational Television and Radio Center</marc:subfield>
         <marc:subfield code="e">Broadcaster</marc:subfield>
         <marc:subfield code="0">http://id.loc.gov/authorities/names/n80050382</marc:subfield>
      </marc:datafield>
      <marc:datafield tag="720" ind1=" " ind2=" ">
         <marc:subfield code="a">Park, Ben</marc:subfield>
         <marc:subfield code="e">Narrator</marc:subfield>
      </marc:datafield>
      <marc:datafield tag="720" ind1=" " ind2=" ">
         <marc:subfield code="a">National Educational Television and Radio Center</marc:subfield>
         <marc:subfield code="e">Production Company</marc:subfield>
         <marc:subfield code="0">http://id.loc.gov/authorities/names/n80050382</marc:subfield>
      </marc:datafield>
      <marc:datafield tag="720" ind1=" " ind2=" ">
         <marc:subfield code="a">United Nations</marc:subfield>
         <marc:subfield code="e">Production Company</marc:subfield>
         <marc:subfield code="0">http://id.loc.gov/authorities/names/n79021345</marc:subfield>
      </marc:datafield>
      <marc:datafield tag="720" ind1=" " ind2=" ">
         <marc:subfield code="a">Park, Ben</marc:subfield>
         <marc:subfield code="e">Director</marc:subfield>
      </marc:datafield>
      <marc:datafield tag="260" ind1=" " ind2=" ">
         <marc:subfield code="c">1967-8-28</marc:subfield>
      </marc:datafield>
      <marc:datafield tag="520" ind1=" " ind2=" ">
         <marc:subfield code="a">From NET microfiche: Arab refugees, victims of the uneasy peace in the Middle
         East, are the subject of "Bridge on the Jordan," a production of National Educational
         Television and the United Nations. The first hour-long study of the 1  million Arabs
         dispossessed by the recent war, the documentary begins at the Allenby Bridge, symbol of
         refugee frustration, and new dividing point between Israel and Jordan. It then visits
         several of the refugee camps on the Jordan's east bank and bombed-out towns along the Gaza
         Strip, noting the efforts of the United Nations Relief and Works Agency and pondering on
         the monumental problem of feeding and sheltering the refugees until peace comes to the
         Middle East. But more impressive than the gutted tanks and other scars of war are the
         people themselves - some of them homeless for the third time in 20 years - many waiting
         stolidly for their lost families, living in over-crowded tents that are racked by sand
         storms, or sitting by the Allenby Bridge and hoping to be permitted to return to their
         former homes. UN reporter Ben Park, who returned to this country in late July after three
         weeks in the Middle East, elicits the views of a variety of refugees - including camp
         leaders, teachers, and children - as well as health officers and other representatives of
         UNRA.</marc:subfield>
      </marc:datafield>
      <marc:datafield tag="024" ind1="8" ind2=" ">
         <marc:subfield code="a">2335050</marc:subfield>
         <marc:subfield code="2">MAVIS Title Number</marc:subfield>
      </marc:datafield>
      <marc:datafield tag="653" ind1=" " ind2=" ">
         <marc:subfield code="a">Refugee camps</marc:subfield>
         <marc:subfield code="0">http://id.loc.gov/authorities/subjects/sh87007802</marc:subfield>
      </marc:datafield>
      <marc:datafield tag="653" ind1=" " ind2=" ">
         <marc:subfield code="a">Middle East--History--20th
         century</marc:subfield>
         <marc:subfield code="0">http://id.loc.gov/authorities/subjects/sh85090509</marc:subfield>
      </marc:datafield>
      <marc:datafield tag="653" ind1=" " ind2=" ">
         <marc:subfield code="a">Refugees, Palestinian Arab</marc:subfield>
         <marc:subfield code="0">http://id.loc.gov/authorities/subjects/sh2001002300</marc:subfield>
      </marc:datafield>
      <marc:datafield tag="653" ind1=" " ind2=" ">
         <marc:subfield code="a">Arab-Israeli conflict</marc:subfield>
         <marc:subfield code="0">http://id.loc.gov/authorities/subjects/sh87002535</marc:subfield>
      </marc:datafield>
      <marc:datafield tag="653" ind1=" " ind2=" ">
         <marc:subfield code="a">Jordan</marc:subfield>
         <marc:subfield code="0">http://id.loc.gov/authorities/names/n79072819</marc:subfield>
      </marc:datafield>
      <marc:datafield tag="245" ind1="0" ind2="0">
         <marc:subfield code="a">NET journal. Bridge on the Jordan.</marc:subfield>
         <marc:subfield code="b">a production of National Educational
         Television and the United Nations ; director, Ben Park.</marc:subfield>
      </marc:datafield>
      <marc:datafield tag="246" ind1="3" ind2="3">
         <marc:subfield code="a">Bridge on the Jordan.</marc:subfield>
      </marc:datafield>
      <marc:datafield tag="246" ind1="3" ind2="3">
         <marc:subfield code="a">NET journal. [1967-08-28]. Bridge on the
         Jordan.</marc:subfield>
      </marc:datafield>
      <marc:datafield tag="655" ind1=" " ind2="0">
         <marc:subfield code="a">Documentary television programs
         (lcgft)</marc:subfield>
         <marc:subfield code="0">http://id.loc.gov/authorities/genreForms/gf2011026207</marc:subfield>
      </marc:datafield>
      <marc:datafield tag="655" ind1=" " ind2="0">
         <marc:subfield code="a">Nonfiction television programs
         (lcgft)</marc:subfield>
         <marc:subfield code="0">http://id.loc.gov/authorities/genreForms/gf2011026425</marc:subfield>
      </marc:datafield>
      <marc:datafield tag="655" ind1=" " ind2="0">
         <marc:subfield code="a">Public affairs television programs
         (lcgft)</marc:subfield>
         <marc:subfield code="0">http://id.loc.gov/authorities/genreForms/gf2011026476</marc:subfield>
      </marc:datafield>
   </marc:record>