
   <marc:record>
      <marc:leader>      am         3u     </marc:leader>
      <marc:datafield tag="042" ind1=" " ind2=" ">
         <marc:subfield code="a">dc</marc:subfield>
      </marc:datafield>
      <marc:datafield tag="720" ind1=" " ind2=" ">
         <marc:subfield code="a">National Educational Television and Radio Center</marc:subfield>
         <marc:subfield code="e">Broadcaster</marc:subfield>
         <marc:subfield code="0">http://id.loc.gov/authorities/names/n80050382</marc:subfield>
      </marc:datafield>
      <marc:datafield tag="720" ind1=" " ind2=" ">
         <marc:subfield code="a">National
         Educational Television and Radio Center</marc:subfield>
         <marc:subfield code="e">Presenter</marc:subfield>
         <marc:subfield code="0">http://id.loc.gov/authorities/names/n80050382</marc:subfield>
      </marc:datafield>
      <marc:datafield tag="720" ind1=" " ind2=" ">
         <marc:subfield code="a">Norddeutscher Rundfunk</marc:subfield>
         <marc:subfield code="e">Production Company</marc:subfield>
         <marc:subfield code="0">http://id.loc.gov/authorities/names/n80153260</marc:subfield>
      </marc:datafield>
      <marc:datafield tag="720" ind1=" " ind2=" ">
         <marc:subfield code="a">Weston, William</marc:subfield>
         <marc:subfield code="e">Executive Producer</marc:subfield>
      </marc:datafield>
      <marc:datafield tag="720" ind1=" " ind2=" ">
         <marc:subfield code="a">Berg, Hans
         Walter</marc:subfield>
         <marc:subfield code="e">Writer</marc:subfield>
         <marc:subfield code="0">http://id.loc.gov/authorities/names/n86851318</marc:subfield>
      </marc:datafield>
      <marc:datafield tag="720" ind1=" " ind2=" ">
         <marc:subfield code="a">Berg, Hans
         Walter</marc:subfield>
         <marc:subfield code="e">Director</marc:subfield>
         <marc:subfield code="0">http://id.loc.gov/authorities/names/n86851318</marc:subfield>
      </marc:datafield>
      <marc:datafield tag="260" ind1=" " ind2=" ">
         <marc:subfield code="c">1969-6-16</marc:subfield>
      </marc:datafield>
      <marc:datafield tag="260" ind1=" " ind2=" ">
         <marc:subfield code="c">1969-4-1</marc:subfield>
      </marc:datafield>
      <marc:datafield tag="520" ind1=" " ind2=" ">
         <marc:subfield code="a">From NET microfiche: The first half-hour consists of a report on life behind
         Burma's "bamboo curtain" - the barrier to outside commercial and diplomatic interests and
         even to tourism since General Ne Win effected a bloodless military coup in 1962. One of the
         few films made in Burma since the coup, it ranges the country - from the forest where the
         lumber industry moves on elephant-power, to the Schwedagon Pagoda, largest Buddhist temple
         in the world, where the country's intellectual elite live a humble monastic life. East
         Asia's largest, virtually poorest, nation is seen attempting "to create a modern
         socialistic welfare state while retaining its old traditions." Under Ne Win, the army is
         "nursemaid of the nation, responsible for everything from the government to street cleaning
         and feeding the animals to the zoo." The advice and financial aid of foreign governments is
         shunned. The Chinese and Indians who once dominated trade and industry have been
         expropriated. And the British remain merely as junior partners in the refineries.
         Contrasted to Burma's halting social and economic revolution is the state of South Korea,
         subject of the second half-hour. Here, too, the military is omnipresent, with a government
         headed by General Park Chung Hee and a mobilized army of 600,000 men - fifth largest in the
         world. The threat of renewed hostilities with North Korea keeps the country at fever pitch.
         Demonstrations condemn the "straw puppet" who rules North Korea, and South Koreans
         apprehended from crossing "The Bridge of No Return" are dealt with severely. Meanwhile, the
         South Korean economy thrives - exports under General Park have risen from six million to 30
         million dollars a year. Unlike the Burmese practice of xenophobia, the South Koreans
         benefit from the industrial expertise of the Japanese and the financial aid of America,
         West Germany, and other friendly powers. The program visits Panmunjom, site of the
         Armistice Commission, where the "demarcation line runs through the conference table." It is
         here that echoes of the Korean War persist, as in the recent incidents involving the Pueblo
         and an American plane downed over Korea last month. The program notes: "Most South Koreans
         have never had it so good, and the growing prosperity, even if slow, consoles many in this
         country for the lack of democratic process." For Korea, like Burma, is a country under
         military rule. Korean students "don't demonstrate - they exercise."</marc:subfield>
      </marc:datafield>
      <marc:datafield tag="337" ind1=" " ind2=" ">
         <marc:subfield code="a">Moving Image</marc:subfield>
         <marc:subfield code="2">MAVIS media type controlled vocabulary</marc:subfield>
      </marc:datafield>
      <marc:datafield tag="024" ind1="8" ind2=" ">
         <marc:subfield code="a">2431023</marc:subfield>
         <marc:subfield code="2">MAVIS Title Number</marc:subfield>
      </marc:datafield>
      <marc:datafield tag="024" ind1="8" ind2=" ">
         <marc:subfield code="a">NJBK</marc:subfield>
         <marc:subfield code="2">NET/PBS NOLA</marc:subfield>
      </marc:datafield>
      <marc:datafield tag="024" ind1="8" ind2=" ">
         <marc:subfield code="a">0 (PBS-1994.xls Excel spreadsheet)</marc:subfield>
         <marc:subfield code="2">NET/PBS number</marc:subfield>
      </marc:datafield>
      <marc:datafield tag="024" ind1="8" ind2=" ">
         <marc:subfield code="a">239 (NET microfiche)</marc:subfield>
         <marc:subfield code="2">NET/PBS number</marc:subfield>
      </marc:datafield>
      <marc:datafield tag="546" ind1=" " ind2=" ">
         <marc:subfield code="a">English</marc:subfield>
      </marc:datafield>
      <marc:datafield tag="653" ind1=" " ind2=" ">
         <marc:subfield code="a">Burma--Economic conditions</marc:subfield>
         <marc:subfield code="0">http://id.loc.gov/authorities/subjects/sh85018116</marc:subfield>
      </marc:datafield>
      <marc:datafield tag="653" ind1=" " ind2=" ">
         <marc:subfield code="a">Korea (South)--Economic
         conditions</marc:subfield>
         <marc:subfield code="0">http://id.loc.gov/authorities/subjects/sh85073057</marc:subfield>
      </marc:datafield>
      <marc:datafield tag="245" ind1="0" ind2="0">
         <marc:subfield code="a">NET journal. Burma / Korea--uneasy peace.</marc:subfield>
         <marc:subfield code="b">produced by Norddeutscher Rundfunk (North
         German Television) ; National Educational Television presentation ; director-writer, Hans
         Walter Berg ; NET executive producer, William Weston.</marc:subfield>
      </marc:datafield>
      <marc:datafield tag="246" ind1="3" ind2="3">
         <marc:subfield code="a">Burma / Korea--uneasy
         pease.</marc:subfield>
      </marc:datafield>
      <marc:datafield tag="246" ind1="3" ind2="3">
         <marc:subfield code="a">Korea-Burma ; uneasy peace.</marc:subfield>
      </marc:datafield>
      <marc:datafield tag="246" ind1="3" ind2="3">
         <marc:subfield code="a">Uneasy peace.</marc:subfield>
      </marc:datafield>
      <marc:datafield tag="246" ind1="3" ind2="3">
         <marc:subfield code="a">NET journal. Korea-Burma ; uneasy
         peace.</marc:subfield>
      </marc:datafield>
      <marc:datafield tag="246" ind1="3" ind2="3">
         <marc:subfield code="a">NET journal
         #239. Burma / Korea--uneasy peace.</marc:subfield>
      </marc:datafield>
      <marc:datafield tag="246" ind1="3" ind2="3">
         <marc:subfield code="a">NET journal. Burma/Korea : uneasy
         peace.</marc:subfield>
      </marc:datafield>
      <marc:datafield tag="246" ind1="3" ind2="3">
         <marc:subfield code="a">NET journal. [No. 239], Burma / Korea--uneasy
         peace.</marc:subfield>
      </marc:datafield>
      <marc:datafield tag="655" ind1=" " ind2="0">
         <marc:subfield code="a">Documentary television programs
         (lcgft)</marc:subfield>
         <marc:subfield code="0">http://id.loc.gov/authorities/genreForms/gf2011026207</marc:subfield>
      </marc:datafield>
      <marc:datafield tag="655" ind1=" " ind2="0">
         <marc:subfield code="a">Nonfiction television programs
         (lcgft)</marc:subfield>
         <marc:subfield code="0">http://id.loc.gov/authorities/genreForms/gf2011026425</marc:subfield>
      </marc:datafield>
      <marc:datafield tag="655" ind1=" " ind2="0">
         <marc:subfield code="a">Public affairs television programs
         (lcgft)</marc:subfield>
         <marc:subfield code="0">http://id.loc.gov/authorities/genreForms/gf2011026476</marc:subfield>
      </marc:datafield>
   </marc:record>