
   <marc:record>
      <marc:leader>      am         3u     </marc:leader>
      <marc:datafield tag="042" ind1=" " ind2=" ">
         <marc:subfield code="a">dc</marc:subfield>
      </marc:datafield>
      <marc:datafield tag="720" ind1=" " ind2=" ">
         <marc:subfield code="a">National Educational Television and Radio Center</marc:subfield>
         <marc:subfield code="e">Broadcaster</marc:subfield>
         <marc:subfield code="0">http://id.loc.gov/authorities/names/n80050382</marc:subfield>
      </marc:datafield>
      <marc:datafield tag="720" ind1=" " ind2=" ">
         <marc:subfield code="a">Clark,
         Kenneth Bancroft</marc:subfield>
         <marc:subfield code="e">Appearing</marc:subfield>
         <marc:subfield code="0">http://id.loc.gov/authorities/names/n50038687</marc:subfield>
      </marc:datafield>
      <marc:datafield tag="720" ind1=" " ind2=" ">
         <marc:subfield code="a">Brown,
         Claude</marc:subfield>
         <marc:subfield code="e">Appearing</marc:subfield>
         <marc:subfield code="0">http://id.loc.gov/authorities/names/n86025047</marc:subfield>
      </marc:datafield>
      <marc:datafield tag="720" ind1=" " ind2=" ">
         <marc:subfield code="a"/>
         <marc:subfield code="e">Narrator</marc:subfield>
      </marc:datafield>
      <marc:datafield tag="720" ind1=" " ind2=" ">
         <marc:subfield code="a">National Educational Television and Radio Center</marc:subfield>
         <marc:subfield code="e">Production Company</marc:subfield>
         <marc:subfield code="0">http://id.loc.gov/authorities/names/n80050382</marc:subfield>
      </marc:datafield>
      <marc:datafield tag="720" ind1=" " ind2=" ">
         <marc:subfield code="a"/>
         <marc:subfield code="e">Producer</marc:subfield>
      </marc:datafield>
      <marc:datafield tag="720" ind1=" " ind2=" ">
         <marc:subfield code="a"/>
         <marc:subfield code="e">Writer</marc:subfield>
      </marc:datafield>
      <marc:datafield tag="260" ind1=" " ind2=" ">
         <marc:subfield code="c">1968-5-6</marc:subfield>
      </marc:datafield>
      <marc:datafield tag="520" ind1=" " ind2=" ">
         <marc:subfield code="a">From NET microfiche: This program is a study of the conflict between militant
         black students and what they claim is a traditional, bourgeois-oriented administration at
         Howard University in Washington, D.C. it charts the nature of the students' complaints
         against an "irrelevant" education and culminates with the "sleep-in" that closed down the
         University March 21-24. The program offers the students a rare opportunity to express
         themselves in creative terms. A film, made by members of the drama department with the
         advice and facilities of NET, is contained here. The film dramatizes their complaints
         against the university: Creatively, they feel more involvement with it than with the
         full-dress Elizabethan plays staged by the drama department; and substantively it details
         the feelings and attitudes of the black student at Howard. Directed by Howard student Ben
         Land, the film portrays a Negro boy in the process of defining his world and circumscribing
         his anger through his relationship with two girls - one black, one white. In a bedroom
         scene with the white girl, he is plagued by his black consciousness, expressed in the words
         of Black Power advocate Ron Karenga. The girl, meanwhile, visualizes the idyll of being
         with him in an open field. Ultimately, the boy returns to the other girl, with whom he is
         "becoming a person after 400 years" of enslavement. Prior to the film's presentation, we
         see it being rehearsed in a studio, at a smoke-shrouded train station, and on a freezing
         hill. At its conclusion, the actors and director discuss with NET producer Dick McCutchen
         their roles, their true feelings, and their parent's probable reactions. The crisis at
         Howard is also conveyed in documentary form, as the student frustration builds towards the
         takeover of the administration building. A scene with President James M. Nabrit, Jr.,
         indicates that chasm separating student goals and university purpose. "There's nothing as
         strong as an idea whose time has come, and nothing as weak as an idea whose time has
         passed," explains Mike Harris, an articulate student who becomes a major figure in the
         documentary. Harris contends that he is "a moderate," since "I'll still talk." Placing the
         students' demands on a national scale, he calls the work of Stokely Carmichael "the last
         peaceful attempt to make things come around." Specifically, Harris says, "we want Howard to
         show us who we are, "especially in the context of their blackness. A source of special
         complaint to the Howard student is the firing of such professors as Nathan Hare, whose
         liberality was the apparent reason for his dismissal. Hare, seen here in a professional
         boxing match subsequent to his firing, explains that man must choose between "making his
         history and having his history make him." Also appearing on the program are Dr. Kenneth
         Clark, professor of psychology, City College of New York; Claude Brown, author of "Manchild
         in the Promised Land"; and Mrs. E. Franklin Frazier, whose late husband wrote the classic
         study of "The Black Bourgeoisie." Suggested Newspaper Listing: NET Journal - "Color us
         Black"; Filmed amid the turmoil at Howard University, this documentary studies the black
         militant movement on campus. Dramatizing the conflict is a film on black-white relations
         made by students of the University.</marc:subfield>
      </marc:datafield>
      <marc:datafield tag="337" ind1=" " ind2=" ">
         <marc:subfield code="a">Moving Image</marc:subfield>
         <marc:subfield code="2">MAVIS media type controlled vocabulary</marc:subfield>
      </marc:datafield>
      <marc:datafield tag="024" ind1="8" ind2=" ">
         <marc:subfield code="a">2004575</marc:subfield>
         <marc:subfield code="2">MAVIS Title Number</marc:subfield>
      </marc:datafield>
      <marc:datafield tag="024" ind1="8" ind2=" ">
         <marc:subfield code="a">NJCU</marc:subfield>
         <marc:subfield code="2">NET/PBS NOLA</marc:subfield>
      </marc:datafield>
      <marc:datafield tag="024" ind1="8" ind2=" ">
         <marc:subfield code="a">0</marc:subfield>
         <marc:subfield code="2">NET/PBS number</marc:subfield>
      </marc:datafield>
      <marc:datafield tag="546" ind1=" " ind2=" ">
         <marc:subfield code="a">English</marc:subfield>
      </marc:datafield>
      <marc:datafield tag="653" ind1=" " ind2=" ">
         <marc:subfield code="a">Student strikes</marc:subfield>
         <marc:subfield code="0">http://id.loc.gov/authorities/subjects/sh85129285</marc:subfield>
      </marc:datafield>
      <marc:datafield tag="653" ind1=" " ind2=" ">
         <marc:subfield code="a">African American college
         students</marc:subfield>
         <marc:subfield code="0">http://id.loc.gov/authorities/subjects/sh85001821</marc:subfield>
      </marc:datafield>
      <marc:datafield tag="653" ind1=" " ind2=" ">
         <marc:subfield code="a"/>
      </marc:datafield>
      <marc:datafield tag="245" ind1="0" ind2="0">
         <marc:subfield code="a">NET journal. Color us black.</marc:subfield>
         <marc:subfield code="b">a production of National Educational
         Television ; produced and written by Richard McCutchen.</marc:subfield>
      </marc:datafield>
      <marc:datafield tag="246" ind1="3" ind2="3">
         <marc:subfield code="a">Color us black.</marc:subfield>
      </marc:datafield>
      <marc:datafield tag="246" ind1="3" ind2="3">
         <marc:subfield code="a">NET journal. [1968-05-06]. Color us black.</marc:subfield>
      </marc:datafield>
      <marc:datafield tag="655" ind1=" " ind2="0">
         <marc:subfield code="a">Documentary television programs
         (lcgft)</marc:subfield>
         <marc:subfield code="0">http://id.loc.gov/authorities/genreForms/gf2011026207</marc:subfield>
      </marc:datafield>
      <marc:datafield tag="655" ind1=" " ind2="0">
         <marc:subfield code="a">Nonfiction television programs
         (lcgft)</marc:subfield>
         <marc:subfield code="0">http://id.loc.gov/authorities/genreForms/gf2011026425</marc:subfield>
      </marc:datafield>
   </marc:record>