
   <marc:record>
      <marc:leader>      am         3u     </marc:leader>
      <marc:datafield tag="042" ind1=" " ind2=" ">
         <marc:subfield code="a">dc</marc:subfield>
      </marc:datafield>
      <marc:datafield tag="720" ind1=" " ind2=" ">
         <marc:subfield code="a">National Educational Television and Radio Center</marc:subfield>
         <marc:subfield code="e">Broadcaster</marc:subfield>
         <marc:subfield code="0">http://id.loc.gov/authorities/names/n80050382</marc:subfield>
      </marc:datafield>
      <marc:datafield tag="720" ind1=" " ind2=" ">
         <marc:subfield code="a">Rusher, William A.</marc:subfield>
         <marc:subfield code="e">Participant</marc:subfield>
         <marc:subfield code="0">http://id.loc.gov/authorities/names/n80156320</marc:subfield>
      </marc:datafield>
      <marc:datafield tag="720" ind1=" " ind2=" ">
         <marc:subfield code="a">Friedman, Milton</marc:subfield>
         <marc:subfield code="e">Participant</marc:subfield>
         <marc:subfield code="0">http://id.loc.gov/authorities/names/n79117948</marc:subfield>
      </marc:datafield>
      <marc:datafield tag="720" ind1=" " ind2=" ">
         <marc:subfield code="a">Kirk,
         Russell</marc:subfield>
         <marc:subfield code="e">Participant</marc:subfield>
         <marc:subfield code="0">http://id.loc.gov/authorities/names/n79007261</marc:subfield>
      </marc:datafield>
      <marc:datafield tag="720" ind1=" " ind2=" ">
         <marc:subfield code="a">Evans,
         M. Stanton</marc:subfield>
         <marc:subfield code="e">Participant</marc:subfield>
         <marc:subfield code="0">http://id.loc.gov/authorities/names/n50010878</marc:subfield>
      </marc:datafield>
      <marc:datafield tag="720" ind1=" " ind2=" ">
         <marc:subfield code="a">Hyman,
         Sidney</marc:subfield>
         <marc:subfield code="e">Moderator</marc:subfield>
         <marc:subfield code="0">http://id.loc.gov/authorities/names/n79018632</marc:subfield>
      </marc:datafield>
      <marc:datafield tag="720" ind1=" " ind2=" ">
         <marc:subfield code="a">WTTW</marc:subfield>
         <marc:subfield code="e">Production Company</marc:subfield>
         <marc:subfield code="0">http://id.loc.gov/authorities/names/no2006059802</marc:subfield>
      </marc:datafield>
      <marc:datafield tag="720" ind1=" " ind2=" ">
         <marc:subfield code="a">Bunge,
         Gene</marc:subfield>
         <marc:subfield code="e">Producer</marc:subfield>
         <marc:subfield code="0">http://id.loc.gov/authorities/names/no97036773</marc:subfield>
      </marc:datafield>
      <marc:datafield tag="720" ind1=" " ind2=" ">
         <marc:subfield code="a">Bunge,
         Gene</marc:subfield>
         <marc:subfield code="e">Director</marc:subfield>
         <marc:subfield code="0">http://id.loc.gov/authorities/names/no97036773</marc:subfield>
      </marc:datafield>
      <marc:datafield tag="720" ind1=" " ind2=" ">
         <marc:subfield code="a">Weston, William</marc:subfield>
         <marc:subfield code="e">Producer</marc:subfield>
      </marc:datafield>
      <marc:datafield tag="260" ind1=" " ind2=" ">
         <marc:subfield code="c">1970-5-4</marc:subfield>
      </marc:datafield>
      <marc:datafield tag="260" ind1=" " ind2=" ">
         <marc:subfield code="c">1970-3-14</marc:subfield>
      </marc:datafield>
      <marc:datafield tag="520" ind1=" " ind2=" ">
         <marc:subfield code="a">From NET microfiche: NOTE: This title was a standalone 1-hour panel discussion
         and a 4-part series. Program Description (1-Hour Panel): Participants in this hour-long
         panel discussion, as announced earlier, are Milton Friedman, William Rusher, M. Stanton
         Evans, and Russell Kirk. Moderator is Sidney Hyman. The discussion involves a definition of
         "the conservative viewpoint" especially as it applies to the proper use of government
         authority in such areas as civil rights and urban problems; the formulation of a foreign
         policy; and the role of the Supreme Court in national affairs. Conservatism, according to
         Friedman, is based in "the value of the individual as the ultimate entity." Kirk notes that
         the conservative seeks "a certain balance or healthy tension between the claims of order
         and the claim of freedom." Throughout the program, the panelist criticizes "big
         government," as propounded by "the modern liberals." Friedman asserts that "most government
         extensions of power have added to the power of private interests and not reduced them." He
         argues, accordingly, that the most effective way to reduce the concentration of private
         power is "to reduce the role of government." Industrial competition can be fostered by
         removing tariffs and having free international trade, says Friedman. The panelists agree
         that Supreme Court justices should not be judged by usual liberal-conservative labels.
         Instead, says Kirk, a conservative would seek judges who prize self-restraint rather than
         arrogating authority to the Court. In contemporary terms, Rusher states that the Supreme
         Court must "make this a livable country - and they better do it." A conservative view of
         foreign policy, according to Evans, calls for defense of the country "against foreign
         enemies," not trying "to remake the world in our own image." The problems of the cities,
         the present welfare system, urban renewal, the minimum wage - all are listed as "the debris
         of failed liberal social policies" by the panelists. The subject of sex education poses a
         classic case of the experts versus the parents, with the parents being treated like "blobs
         of protoplasm," according to Evans. Friedman concludes by defining the conservative credo
         of freedom in current terms. It would support a volunteer army, decentralization, and a
         modified federal budget - all of which are supported by the Nixon
         Administration.</marc:subfield>
      </marc:datafield>
      <marc:datafield tag="337" ind1=" " ind2=" ">
         <marc:subfield code="a">Moving Image</marc:subfield>
         <marc:subfield code="2">MAVIS media type controlled vocabulary</marc:subfield>
      </marc:datafield>
      <marc:datafield tag="024" ind1="8" ind2=" ">
         <marc:subfield code="a">2050040</marc:subfield>
         <marc:subfield code="2">MAVIS Title Number</marc:subfield>
      </marc:datafield>
      <marc:datafield tag="024" ind1="8" ind2=" ">
         <marc:subfield code="a">CVWP</marc:subfield>
         <marc:subfield code="2">NET/PBS NOLA</marc:subfield>
      </marc:datafield>
      <marc:datafield tag="024" ind1="8" ind2=" ">
         <marc:subfield code="a">0</marc:subfield>
         <marc:subfield code="2">NET/PBS number</marc:subfield>
      </marc:datafield>
      <marc:datafield tag="024" ind1="8" ind2=" ">
         <marc:subfield code="a">A-2581-82 (from slate at head of film)</marc:subfield>
         <marc:subfield code="2">Undetermined</marc:subfield>
      </marc:datafield>
      <marc:datafield tag="024" ind1="8" ind2=" ">
         <marc:subfield code="a">273</marc:subfield>
         <marc:subfield code="2">NET/PBS number</marc:subfield>
      </marc:datafield>
      <marc:datafield tag="546" ind1=" " ind2=" ">
         <marc:subfield code="a">English</marc:subfield>
      </marc:datafield>
      <marc:datafield tag="653" ind1=" " ind2=" ">
         <marc:subfield code="a">Conservatives</marc:subfield>
         <marc:subfield code="0">http://id.loc.gov/authorities/subjects/sh2004003363</marc:subfield>
      </marc:datafield>
      <marc:datafield tag="245" ind1="0" ind2="0">
         <marc:subfield code="a">NET journal. Conservative
         viewpoint.</marc:subfield>
         <marc:subfield code="b">produced for National Educational Television
         by WTTW, Chicago ; NET producer, William Weston; executive producer, John Sommers ;
         producer/dirctor, Gene Bunge.</marc:subfield>
      </marc:datafield>
      <marc:datafield tag="246" ind1="3" ind2="3">
         <marc:subfield code="a">Conservative viewpoint.
         [1970-05-04].</marc:subfield>
      </marc:datafield>
      <marc:datafield tag="246" ind1="3" ind2="3">
         <marc:subfield code="a">Conservative viewpoint. [NET
         journal].</marc:subfield>
      </marc:datafield>
      <marc:datafield tag="246" ind1="3" ind2="3">
         <marc:subfield code="a">NET journal. [1970-05-04]. Conservative
         viewpoint.</marc:subfield>
      </marc:datafield>
      <marc:datafield tag="246" ind1="3" ind2="3">
         <marc:subfield code="a">NET journal. [No. 273], Conservative
         viewpoint.</marc:subfield>
      </marc:datafield>
      <marc:datafield tag="655" ind1=" " ind2="0">
         <marc:subfield code="a">Nonfiction television programs
         (lcgft)</marc:subfield>
         <marc:subfield code="0">http://id.loc.gov/authorities/genreForms/gf2011026425</marc:subfield>
      </marc:datafield>
      <marc:datafield tag="655" ind1=" " ind2="0">
         <marc:subfield code="a">Public affairs television programs
         (lcgft)</marc:subfield>
         <marc:subfield code="0">http://id.loc.gov/authorities/genreForms/gf2011026476</marc:subfield>
      </marc:datafield>
      <marc:datafield tag="655" ind1=" " ind2="0">
         <marc:subfield code="a">Television panel discussions
         (lcgft)</marc:subfield>
         <marc:subfield code="0">http://id.loc.gov/authorities/genreForms/gf2011026668</marc:subfield>
      </marc:datafield>
   </marc:record>