
   <marc:record>
      <marc:leader>      am         3u     </marc:leader>
      <marc:datafield tag="042" ind1=" " ind2=" ">
         <marc:subfield code="a">dc</marc:subfield>
      </marc:datafield>
      <marc:datafield tag="720" ind1=" " ind2=" ">
         <marc:subfield code="a">Zatopek, Emil</marc:subfield>
         <marc:subfield code="e">Interviewee</marc:subfield>
         <marc:subfield code="0">http://id.loc.gov/authorities/names/n88114683</marc:subfield>
      </marc:datafield>
      <marc:datafield tag="720" ind1=" " ind2=" ">
         <marc:subfield code="a">National Educational Television and Radio Center</marc:subfield>
         <marc:subfield code="e">Broadcaster</marc:subfield>
         <marc:subfield code="0">http://id.loc.gov/authorities/names/n80050382</marc:subfield>
      </marc:datafield>
      <marc:datafield tag="720" ind1=" " ind2=" ">
         <marc:subfield code="a"/>
         <marc:subfield code="e">Host</marc:subfield>
         <marc:subfield code="0">http://id.loc.gov/authorities/names/no00028548</marc:subfield>
      </marc:datafield>
      <marc:datafield tag="720" ind1=" " ind2=" ">
         <marc:subfield code="a">Raanan, Uri</marc:subfield>
         <marc:subfield code="e">Participant</marc:subfield>
      </marc:datafield>
      <marc:datafield tag="720" ind1=" " ind2=" ">
         <marc:subfield code="a">Zinner, Paul E.</marc:subfield>
         <marc:subfield code="e">Participant</marc:subfield>
         <marc:subfield code="0">http://id.loc.gov/authorities/names/n83124334</marc:subfield>
      </marc:datafield>
      <marc:datafield tag="720" ind1=" " ind2=" ">
         <marc:subfield code="a">Battek, Rudolf</marc:subfield>
         <marc:subfield code="e">Interviewee</marc:subfield>
         <marc:subfield code="0">http://id.loc.gov/authorities/names/n85132130</marc:subfield>
      </marc:datafield>
      <marc:datafield tag="720" ind1=" " ind2=" ">
         <marc:subfield code="a">McCarthy, Harry</marc:subfield>
         <marc:subfield code="e">Executive Producer</marc:subfield>
      </marc:datafield>
      <marc:datafield tag="720" ind1=" " ind2=" ">
         <marc:subfield code="a">Thomas, Gordon (Television producer)</marc:subfield>
         <marc:subfield code="e">Producer</marc:subfield>
      </marc:datafield>
      <marc:datafield tag="260" ind1=" " ind2=" ">
         <marc:subfield code="c">1968-9-9</marc:subfield>
      </marc:datafield>
      <marc:datafield tag="520" ind1=" " ind2=" ">
         <marc:subfield code="a">From NET microfiche, C: NET Journal will present an in-depth study of
         Czechoslovakia in "Czechoslovakia, The Wayward Satellite." (former title: The quiet
         revolution) Set against a backdrop of Soviet tanks and world-shaking headlines, the program
         will assess the course of Czechoslovakia's reform movement. The first portion will be
         devoted to films from German, British, and Czech sources. These films span the first
         student revolts, economic pressures for change, the ouster of President Antonin Novotny,
         and the liberalizing influence of First Secretary Alexander Dubcek. Films also portray
         Dubcek's meetings with Soviet leaders at Cierna and Bratislava, visits by Marshall Tito of
         Yugoslavia and Walter Ulbricht of East Germany, and the invasion of Czechoslovakia by
         members of the Soviet bloc. The second half of the program will consist of a panel
         discussion. Participants will be Professor Uri Ra'anan of the Fletcher School of Diplomacy,
         Tufts University, and the Massachusetts Institute of Technology, and Professor Paul Zinner
         of the University of California. Richard McCutchen will moderate. From NET microfiche, Q:
         This program studies the Czech reform movement, from its basis in the country's economic,
         social, and political life to the dramatic confrontations between newly-appointed Communist
         Party leader Alexander Dubcek and Russian heads of state Aleksei Kosygin and Leonid
         Brezhnev. The program recounts the meeting with the Soviet leaders and Bratislava, where
         the fate of Czechoslovakia seemed balanced, with Russian tanks standing ready for a
         possible conflict. It also covers Dubcek's meeting with other leaders of the Communist
         world - including Marshall Tito of Yugoslavia and Chairman Walter Ulbricht of East Germany.
         Despite Dubcek's apparent success at the conference table, the program notes that
         Czechoslovakia remains economically dependent on Russia, to the point where the Czechs'
         lucrative steelworks are worthless without Soviet iron ore. Also, the country is presently
         changing over from coal to oil - a mineral that it imports exclusively from Russia.
         However, Czechoslovakia is seen in the process of economic reform. Leaders recognize the
         need of installing informed economists rather than the "party hacks" who filled crucial
         jobs under the regime of Antonin Novotny, recently deposed as president after a 10-year
         rule. The program shows the liberalization working in the capital city of Prague, where
         free press and open meetings are two dramatic manifestations. Perhaps most striking is the
         existence of KAN, a political "club" which already has more than 40,000 members since it
         was created as the first organized opposition within the Communist world. Other signs of a
         new life for Czechoslovakia include the plans for rehabilitating political prisoners,
         victims of the Novotny regime, who may add an important dimension to the future of
         Czechoslovakia. The student demonstrations which helped to enunciate the country's
         readiness for change are also seen here. Among those interviewed in the program are Jiri
         Manzelka, a leading official in the Czech Communist Party; Jiri Kosta, a noted economist;
         Emil Zatopek, Olympic gold medalist in the 5,000 meter run, 10,000 meter run, and marathon;
         Professor Victor Knapp, who is engaged in the rehabilitation movement; and Rudolf Batcek,
         secretary of KAN. PLEASE NOTE: Unit I stations will be able to air the program on September
         9, the date on which the Czech Communist Party holds a special Congress to elect a new
         central committee - probably ousting the last old-line Stalinists. This fact adds
         promotional weight to the program.</marc:subfield>
      </marc:datafield>
      <marc:datafield tag="337" ind1=" " ind2=" ">
         <marc:subfield code="a">Moving Image</marc:subfield>
         <marc:subfield code="2">MAVIS media type controlled vocabulary</marc:subfield>
      </marc:datafield>
      <marc:datafield tag="024" ind1="8" ind2=" ">
         <marc:subfield code="a">2408497</marc:subfield>
         <marc:subfield code="2">MAVIS Title Number</marc:subfield>
      </marc:datafield>
      <marc:datafield tag="024" ind1="8" ind2=" ">
         <marc:subfield code="a">NJCZ</marc:subfield>
         <marc:subfield code="2">NET/PBS NOLA</marc:subfield>
      </marc:datafield>
      <marc:datafield tag="024" ind1="8" ind2=" ">
         <marc:subfield code="a">0</marc:subfield>
         <marc:subfield code="2">NET/PBS number</marc:subfield>
      </marc:datafield>
      <marc:datafield tag="546" ind1=" " ind2=" ">
         <marc:subfield code="a">English</marc:subfield>
      </marc:datafield>
      <marc:datafield tag="653" ind1=" " ind2=" ">
         <marc:subfield code="a">Czechoslovakia--History--Intervention,
         1968</marc:subfield>
         <marc:subfield code="0">http://id.loc.gov/authorities/subjects/sh85035319</marc:subfield>
      </marc:datafield>
      <marc:datafield tag="653" ind1=" " ind2=" ">
         <marc:subfield code="a">Czechoslovakia--Politics and
         government</marc:subfield>
         <marc:subfield code="0">http://id.loc.gov/authorities/subjects/sh85035324</marc:subfield>
      </marc:datafield>
      <marc:datafield tag="245" ind1="0" ind2="0">
         <marc:subfield code="a">NET journal. Czechoslovakia--The wayward
         satellite.</marc:subfield>
         <marc:subfield code="b">a National Educational Television production,
         adapted from films in by Granada Television, Nord Deutscher Rundfunk (North German
         Television) and Czechoslovakian National Television ; executive producer, Harry McCarthy ;
         producer, Gordon Thomas.</marc:subfield>
      </marc:datafield>
      <marc:datafield tag="246" ind1="3" ind2="3">
         <marc:subfield code="a">Czechoslovakia--The wayward
         satellite.</marc:subfield>
      </marc:datafield>
      <marc:datafield tag="246" ind1="3" ind2="3">
         <marc:subfield code="a">The wayward satellite.</marc:subfield>
      </marc:datafield>
      <marc:datafield tag="246" ind1="3" ind2="3">
         <marc:subfield code="a">Czechoslovakia.</marc:subfield>
      </marc:datafield>
      <marc:datafield tag="246" ind1="3" ind2="3">
         <marc:subfield code="a">NET journal. [1968-09-09]. The quiet
         revolution.</marc:subfield>
      </marc:datafield>
      <marc:datafield tag="246" ind1="3" ind2="3">
         <marc:subfield code="a">The quiet revolution.</marc:subfield>
      </marc:datafield>
      <marc:datafield tag="246" ind1="3" ind2="3">
         <marc:subfield code="a">NET journal. The quiet
         revolution.</marc:subfield>
      </marc:datafield>
      <marc:datafield tag="246" ind1="3" ind2="3">
         <marc:subfield code="a">NET journal. [1968-09-09]. Czechoslovakia--The
         wayward satellite.</marc:subfield>
      </marc:datafield>
      <marc:datafield tag="655" ind1=" " ind2="0">
         <marc:subfield code="a">Documentary television programs
         (lcgft)</marc:subfield>
         <marc:subfield code="0">http://id.loc.gov/authorities/genreForms/gf2011026207</marc:subfield>
      </marc:datafield>
      <marc:datafield tag="655" ind1=" " ind2="0">
         <marc:subfield code="a">Nonfiction television programs
         (lcgft)</marc:subfield>
         <marc:subfield code="0">http://id.loc.gov/authorities/genreForms/gf2011026425</marc:subfield>
      </marc:datafield>
      <marc:datafield tag="655" ind1=" " ind2="0">
         <marc:subfield code="a">Public affairs television programs
         (lcgft)</marc:subfield>
         <marc:subfield code="0">http://id.loc.gov/authorities/genreForms/gf2011026476</marc:subfield>
      </marc:datafield>
      <marc:datafield tag="655" ind1=" " ind2="0">
         <marc:subfield code="a">Television panel discussions
         (lcgft)</marc:subfield>
         <marc:subfield code="0">http://id.loc.gov/authorities/genreForms/gf2011026668</marc:subfield>
      </marc:datafield>
   </marc:record>