
   <marc:record>
      <marc:leader>      am         3u     </marc:leader>
      <marc:datafield tag="042" ind1=" " ind2=" ">
         <marc:subfield code="a">dc</marc:subfield>
      </marc:datafield>
      <marc:datafield tag="720" ind1=" " ind2=" ">
         <marc:subfield code="a">Bush, Dick</marc:subfield>
         <marc:subfield code="e">Cinematographer/Director of Photography</marc:subfield>
         <marc:subfield code="0">http://id.loc.gov/authorities/names/no92019971</marc:subfield>
      </marc:datafield>
      <marc:datafield tag="720" ind1=" " ind2=" ">
         <marc:subfield code="a">National Educational Television and Radio Center</marc:subfield>
         <marc:subfield code="e">Broadcaster</marc:subfield>
         <marc:subfield code="0">http://id.loc.gov/authorities/names/n80050382</marc:subfield>
      </marc:datafield>
      <marc:datafield tag="720" ind1=" " ind2=" ">
         <marc:subfield code="a">Cutforth, Rene</marc:subfield>
         <marc:subfield code="e">Commentator</marc:subfield>
         <marc:subfield code="0">http://id.loc.gov/authorities/names/no98007448</marc:subfield>
      </marc:datafield>
      <marc:datafield tag="720" ind1=" " ind2=" ">
         <marc:subfield code="a">British Broadcasting Corporation</marc:subfield>
         <marc:subfield code="e">Production Company</marc:subfield>
         <marc:subfield code="0">http://id.loc.gov/authorities/names/n79074359</marc:subfield>
      </marc:datafield>
      <marc:datafield tag="720" ind1=" " ind2=" ">
         <marc:subfield code="a">Weston, William</marc:subfield>
         <marc:subfield code="e">Executive Producer</marc:subfield>
      </marc:datafield>
      <marc:datafield tag="260" ind1=" " ind2=" ">
         <marc:subfield code="c">1967</marc:subfield>
      </marc:datafield>
      <marc:datafield tag="260" ind1=" " ind2=" ">
         <marc:subfield code="c">1967-5-15</marc:subfield>
      </marc:datafield>
      <marc:datafield tag="520" ind1=" " ind2=" ">
         <marc:subfield code="a">From playing fields to poetry reading, and from tutorials to tea, this BBC
         production studies England's most distinguished preparatory school and finds much to
         recommend it -- notable an independent spirit, fostered by private rooms, an intellectual
         atmosphere, fine teachers, and freedom to make one's friends (which has, in turn, developed
         "old boy" network of social and political authority in Britain over the past 500 years).
         Ranging from Eton during a single day, the program notes many vestiges of tradition: the
         Eton collars and gowns, which engage the attention of tourists visiting the town;
         compulsory chapel; the undergraduate hierarchy, which stresses the subservience -- and even
         corporal punishment -- of new boys by seniors. Tradition notwithstanding, the program finds
         Eton "The right sort" of school and laments that its example is not nationwide. The program
         visits a variety of classrooms and tutorial sessions; hears from Eton's critical voice --
         the school paper; observes the changing curriculum, with its new emphasis on science;
         visits the living quarters and dining halls; and follows the boys through numerous social
         and athletic pursuits -- including cricket and rowing practice, a debating society where
         the Vietnamese war is the subject, a folk rock a band , and a tea-time discussion of what
         it means to be an Etonian. "NET Journal -- "Eton" is a presentation of National Educational
         Television, produced by the British Broadcasting Corporation. NET executive producer:
         William Weston. Commentary by Rene Cutforth. Sound: David Simpson and Peter Richardson.
         Photography: Dick Bush. Film editor: Eric Brown.</marc:subfield>
      </marc:datafield>
      <marc:datafield tag="337" ind1=" " ind2=" ">
         <marc:subfield code="a">Moving Image</marc:subfield>
         <marc:subfield code="2">MAVIS media type controlled vocabulary</marc:subfield>
      </marc:datafield>
      <marc:datafield tag="024" ind1="8" ind2=" ">
         <marc:subfield code="a">2411260</marc:subfield>
         <marc:subfield code="2">MAVIS Title Number</marc:subfield>
      </marc:datafield>
      <marc:datafield tag="024" ind1="8" ind2=" ">
         <marc:subfield code="a">NJEN</marc:subfield>
         <marc:subfield code="2">NET/PBS NOLA</marc:subfield>
      </marc:datafield>
      <marc:datafield tag="024" ind1="8" ind2=" ">
         <marc:subfield code="a">0</marc:subfield>
         <marc:subfield code="2">NET/PBS number</marc:subfield>
      </marc:datafield>
      <marc:datafield tag="546" ind1=" " ind2=" ">
         <marc:subfield code="a">English</marc:subfield>
      </marc:datafield>
      <marc:datafield tag="653" ind1=" " ind2=" ">
         <marc:subfield code="a"/>
      </marc:datafield>
      <marc:datafield tag="653" ind1=" " ind2=" ">
         <marc:subfield code="a"/>
      </marc:datafield>
      <marc:datafield tag="245" ind1="0" ind2="0">
         <marc:subfield code="a">NET journal. Eton.</marc:subfield>
         <marc:subfield code="b">produced by the British Broadcasting
         Corporation ; a presentation of National Educational Television ; NET executive producer,
         William Weston.</marc:subfield>
      </marc:datafield>
      <marc:datafield tag="246" ind1="3" ind2="3">
         <marc:subfield code="a">Eton.</marc:subfield>
      </marc:datafield>
      <marc:datafield tag="655" ind1=" " ind2="0">
         <marc:subfield code="a">Documentary television programs
         (lcgft)</marc:subfield>
         <marc:subfield code="0">http://id.loc.gov/authorities/genreForms/gf2011026207</marc:subfield>
      </marc:datafield>
      <marc:datafield tag="655" ind1=" " ind2="0">
         <marc:subfield code="a">Nonfiction television programs
         (lcgft)</marc:subfield>
         <marc:subfield code="0">http://id.loc.gov/authorities/genreForms/gf2011026425</marc:subfield>
      </marc:datafield>
   </marc:record>