
   <marc:record>
      <marc:leader>      am         3u     </marc:leader>
      <marc:datafield tag="042" ind1=" " ind2=" ">
         <marc:subfield code="a">dc</marc:subfield>
      </marc:datafield>
      <marc:datafield tag="720" ind1=" " ind2=" ">
         <marc:subfield code="a">Chiang,
         Kai-shek</marc:subfield>
         <marc:subfield code="e">Appearing</marc:subfield>
         <marc:subfield code="0">http://id.loc.gov/authorities/names/n80057046</marc:subfield>
      </marc:datafield>
      <marc:datafield tag="720" ind1=" " ind2=" ">
         <marc:subfield code="a">Lodge, Arthur</marc:subfield>
         <marc:subfield code="e">Adapter/Dramatization</marc:subfield>
      </marc:datafield>
      <marc:datafield tag="720" ind1=" " ind2=" ">
         <marc:subfield code="a">National Educational Television and Radio Center</marc:subfield>
         <marc:subfield code="e">Broadcaster</marc:subfield>
         <marc:subfield code="0">http://id.loc.gov/authorities/names/n80050382</marc:subfield>
      </marc:datafield>
      <marc:datafield tag="720" ind1=" " ind2=" ">
         <marc:subfield code="a">National
         Educational Television and Radio Center</marc:subfield>
         <marc:subfield code="e">Presenter</marc:subfield>
         <marc:subfield code="0">http://id.loc.gov/authorities/names/n80050382</marc:subfield>
      </marc:datafield>
      <marc:datafield tag="720" ind1=" " ind2=" ">
         <marc:subfield code="a">Fleming,
         James, 1915-</marc:subfield>
         <marc:subfield code="e">Narrator</marc:subfield>
         <marc:subfield code="0">http://id.loc.gov/authorities/names/nb2002029877</marc:subfield>
      </marc:datafield>
      <marc:datafield tag="720" ind1=" " ind2=" ">
         <marc:subfield code="a">Jiang,
         Weiguo</marc:subfield>
         <marc:subfield code="e">Interviewee</marc:subfield>
         <marc:subfield code="0">http://id.loc.gov/authorities/names/n82001417</marc:subfield>
      </marc:datafield>
      <marc:datafield tag="720" ind1=" " ind2=" ">
         <marc:subfield code="a">Norddeutscher Rundfunk</marc:subfield>
         <marc:subfield code="e">Production Company</marc:subfield>
         <marc:subfield code="0">http://id.loc.gov/authorities/names/n80153260</marc:subfield>
      </marc:datafield>
      <marc:datafield tag="720" ind1=" " ind2=" ">
         <marc:subfield code="a">Weston, William</marc:subfield>
         <marc:subfield code="e">Executive Producer</marc:subfield>
      </marc:datafield>
      <marc:datafield tag="260" ind1=" " ind2=" ">
         <marc:subfield code="c">1970-4-6</marc:subfield>
      </marc:datafield>
      <marc:datafield tag="520" ind1=" " ind2=" ">
         <marc:subfield code="a">From NET microfiche, file F: This German-made documentary examines the
         political and economic state of Taiwan and Thailand -- two countries "Face to Face with
         China" and confronted with the Chinese Communist problem. Taiwan, under the leadership of
         Chiang Kai-shek and the Chinese Nationalists prepares to reconquer the homeland while
         maintaining an island fortress to prevent invasion by the Communists; Thailand, under the
         leadership of King Pumiphol, simply fears invasion from China. Each depends on the United
         States for a solution to the Communist problem and each is haunted by the question: "What
         will happen if the Vietnam War is finally settled and the Americans pull out of Southeast
         Asia?" The film's first segment looks at the Taiwan government, ruled by General Chiang
         Kai-shek since 1949 when he fled the mainland; the industrial and technological progress
         made since the Chinese Nationalist rule; and the resulting general prosperity and
         advancement of the nation. The film also visits Quemoy, an island much smaller than Taiwan
         and much closer to the China coast. In addition to its strategic military value, the island
         which is called "Freedom Fortress" by the Nationalists is used for carrying on a propaganda
         war with mainland China. Chiang Kai-shek and his family are seen strolling through the
         palace gardens and there is also an interview with one of his sons, General Chiang We-go,
         who discusses the prospects of invading the mainland. The second segment focusses on
         Thailand, which also counts on the United States for support in a resolute stand against
         Communist China, should it come. It points out that the Communist Chinese have been
         conducting a program of infiltration and subversion against Thailand for many years, and
         only with substantial American assistance have the Thais been able to control it. Thailand
         has also experienced tremendous economic expansion, due mostly to the Vietnam War,
         increased American aid, and greater world demand for Thai silk, rice, and tin. Increased
         prosperity and the presence of Americans have disrupted old Thai traditions and mores, but
         nevertheless, Thais fear life without Americans in Southeast Asia. Narrated by: James
         Fleming</marc:subfield>
      </marc:datafield>
      <marc:datafield tag="337" ind1=" " ind2=" ">
         <marc:subfield code="a">Moving Image</marc:subfield>
         <marc:subfield code="2">MAVIS media type controlled vocabulary</marc:subfield>
      </marc:datafield>
      <marc:datafield tag="024" ind1="8" ind2=" ">
         <marc:subfield code="a">2336549</marc:subfield>
         <marc:subfield code="2">MAVIS Title Number</marc:subfield>
      </marc:datafield>
      <marc:datafield tag="024" ind1="8" ind2=" ">
         <marc:subfield code="a">NJFC</marc:subfield>
         <marc:subfield code="2">NET/PBS NOLA</marc:subfield>
      </marc:datafield>
      <marc:datafield tag="024" ind1="8" ind2=" ">
         <marc:subfield code="a">0</marc:subfield>
         <marc:subfield code="2">NET/PBS number</marc:subfield>
      </marc:datafield>
      <marc:datafield tag="024" ind1="8" ind2=" ">
         <marc:subfield code="a">270?</marc:subfield>
         <marc:subfield code="2">NET/PBS number</marc:subfield>
      </marc:datafield>
      <marc:datafield tag="546" ind1=" " ind2=" ">
         <marc:subfield code="a">English</marc:subfield>
      </marc:datafield>
      <marc:datafield tag="653" ind1=" " ind2=" ">
         <marc:subfield code="a">Communism--China</marc:subfield>
         <marc:subfield code="0">http://id.loc.gov/authorities/subjects/sh97002275</marc:subfield>
      </marc:datafield>
      <marc:datafield tag="653" ind1=" " ind2=" ">
         <marc:subfield code="a">Taiwan--Foreign
         relations--China</marc:subfield>
         <marc:subfield code="0">http://id.loc.gov/authorities/subjects/sh2008117223</marc:subfield>
      </marc:datafield>
      <marc:datafield tag="653" ind1=" " ind2=" ">
         <marc:subfield code="a"/>
      </marc:datafield>
      <marc:datafield tag="653" ind1=" " ind2=" ">
         <marc:subfield code="a">China--Foreign
         relations--Taiwan</marc:subfield>
         <marc:subfield code="0">http://id.loc.gov/authorities/subjects/sh2008114684</marc:subfield>
      </marc:datafield>
      <marc:datafield tag="653" ind1=" " ind2=" ">
         <marc:subfield code="a"/>
      </marc:datafield>
      <marc:datafield tag="653" ind1=" " ind2=" ">
         <marc:subfield code="a">Chiang, Kai-shek,
         1887-1975</marc:subfield>
         <marc:subfield code="0">http://id.loc.gov/authorities/names/n80057046</marc:subfield>
      </marc:datafield>
      <marc:datafield tag="653" ind1=" " ind2=" ">
         <marc:subfield code="a">China</marc:subfield>
         <marc:subfield code="0">http://id.loc.gov/authorities/names/n79091151</marc:subfield>
      </marc:datafield>
      <marc:datafield tag="653" ind1=" " ind2=" ">
         <marc:subfield code="a">Taiwan</marc:subfield>
         <marc:subfield code="0">http://id.loc.gov/authorities/names/n80022631</marc:subfield>
      </marc:datafield>
      <marc:datafield tag="653" ind1=" " ind2=" ">
         <marc:subfield code="a">Thailand</marc:subfield>
         <marc:subfield code="0">http://id.loc.gov/authorities/names/n79059683</marc:subfield>
      </marc:datafield>
      <marc:datafield tag="245" ind1="0" ind2="0">
         <marc:subfield code="a">NET journal. Face to face with China.</marc:subfield>
         <marc:subfield code="b">North German Television ; NET presentation ;
         NET executive producer, William Weston ; English adaptation by Arthur Lodge.</marc:subfield>
      </marc:datafield>
      <marc:datafield tag="246" ind1="3" ind2="3">
         <marc:subfield code="a">Face to face with China.</marc:subfield>
      </marc:datafield>
      <marc:datafield tag="246" ind1="3" ind2="3">
         <marc:subfield code="a">NET journal
         #270--face to face with China.</marc:subfield>
      </marc:datafield>
      <marc:datafield tag="246" ind1="3" ind2="3">
         <marc:subfield code="a">Face to face in China.
         [erroneous]</marc:subfield>
      </marc:datafield>
      <marc:datafield tag="246" ind1="3" ind2="3">
         <marc:subfield code="a">NET journal. [No. 270], Face to face with
         China.</marc:subfield>
      </marc:datafield>
      <marc:datafield tag="655" ind1=" " ind2="0">
         <marc:subfield code="a">Documentary television programs
         (lcgft)</marc:subfield>
         <marc:subfield code="0">http://id.loc.gov/authorities/genreForms/gf2011026207</marc:subfield>
      </marc:datafield>
      <marc:datafield tag="655" ind1=" " ind2="0">
         <marc:subfield code="a">Nonfiction television programs
         (lcgft)</marc:subfield>
         <marc:subfield code="0">http://id.loc.gov/authorities/genreForms/gf2011026425</marc:subfield>
      </marc:datafield>
      <marc:datafield tag="655" ind1=" " ind2="0">
         <marc:subfield code="a">Television news programs
         (lcgft)</marc:subfield>
         <marc:subfield code="0">http://id.loc.gov/authorities/genreForms/gf2011026667\n</marc:subfield>
      </marc:datafield>
      <marc:datafield tag="655" ind1=" " ind2="0">
         <marc:subfield code="a">Television interviews
         (lcgft)</marc:subfield>
         <marc:subfield code="0">http://id.loc.gov/authorities/genreForms/gf2011026662\n</marc:subfield>
      </marc:datafield>
   </marc:record>