
   <marc:record>
      <marc:leader>      am         3u     </marc:leader>
      <marc:datafield tag="042" ind1=" " ind2=" ">
         <marc:subfield code="a">dc</marc:subfield>
      </marc:datafield>
      <marc:datafield tag="720" ind1=" " ind2=" ">
         <marc:subfield code="a">National Educational Television and Radio Center</marc:subfield>
         <marc:subfield code="e">Broadcaster</marc:subfield>
         <marc:subfield code="0">http://id.loc.gov/authorities/names/n80050382</marc:subfield>
      </marc:datafield>
      <marc:datafield tag="720" ind1=" " ind2=" ">
         <marc:subfield code="a">WETA-TV</marc:subfield>
         <marc:subfield code="e">Cooperation/Association</marc:subfield>
         <marc:subfield code="0">http://id.loc.gov/authorities/names/n50052712</marc:subfield>
      </marc:datafield>
      <marc:datafield tag="720" ind1=" " ind2=" ">
         <marc:subfield code="a">Niven,
         Paul</marc:subfield>
         <marc:subfield code="e">Host</marc:subfield>
         <marc:subfield code="0">http://id.loc.gov/authorities/names/no2005104450</marc:subfield>
      </marc:datafield>
      <marc:datafield tag="720" ind1=" " ind2=" ">
         <marc:subfield code="a">Niven,
         Paul</marc:subfield>
         <marc:subfield code="e">Moderator</marc:subfield>
         <marc:subfield code="0">http://id.loc.gov/authorities/names/no2005104450</marc:subfield>
      </marc:datafield>
      <marc:datafield tag="720" ind1=" " ind2=" ">
         <marc:subfield code="a">Landau, Saul</marc:subfield>
         <marc:subfield code="e">Participant</marc:subfield>
         <marc:subfield code="0">http://id.loc.gov/authorities/names/n80026745</marc:subfield>
      </marc:datafield>
      <marc:datafield tag="720" ind1=" " ind2=" ">
         <marc:subfield code="a">Bethel, Paul D.</marc:subfield>
         <marc:subfield code="e">Participant</marc:subfield>
         <marc:subfield code="0">http://id.loc.gov/authorities/names/n87800452</marc:subfield>
      </marc:datafield>
      <marc:datafield tag="720" ind1=" " ind2=" ">
         <marc:subfield code="a">Fagen,
         Richard R.</marc:subfield>
         <marc:subfield code="e">Participant</marc:subfield>
         <marc:subfield code="0">http://id.loc.gov/authorities/names/n79151539</marc:subfield>
      </marc:datafield>
      <marc:datafield tag="720" ind1=" " ind2=" ">
         <marc:subfield code="a">Suarez, Andres</marc:subfield>
         <marc:subfield code="e">Participant</marc:subfield>
         <marc:subfield code="0">http://id.loc.gov/authorities/names/n84186578</marc:subfield>
      </marc:datafield>
      <marc:datafield tag="720" ind1=" " ind2=" ">
         <marc:subfield code="a">National Educational Television and Radio Center</marc:subfield>
         <marc:subfield code="e">Production Company</marc:subfield>
         <marc:subfield code="0">http://id.loc.gov/authorities/names/n80050382</marc:subfield>
      </marc:datafield>
      <marc:datafield tag="720" ind1=" " ind2=" ">
         <marc:subfield code="a">Eddins,
         Jim</marc:subfield>
         <marc:subfield code="e">Director</marc:subfield>
         <marc:subfield code="0">http://id.loc.gov/authorities/names/no00035024</marc:subfield>
      </marc:datafield>
      <marc:datafield tag="720" ind1=" " ind2=" ">
         <marc:subfield code="a">Karayn,
         Jim</marc:subfield>
         <marc:subfield code="e">Producer</marc:subfield>
         <marc:subfield code="0">http://id.loc.gov/authorities/names/no99034842</marc:subfield>
      </marc:datafield>
      <marc:datafield tag="260" ind1=" " ind2=" ">
         <marc:subfield code="c">1969-4-6</marc:subfield>
      </marc:datafield>
      <marc:datafield tag="260" ind1=" " ind2=" ">
         <marc:subfield code="c">1969-3-26</marc:subfield>
      </marc:datafield>
      <marc:datafield tag="520" ind1=" " ind2=" ">
         <marc:subfield code="a">For viewing purposes, the order is as follows: 1. Reel 1 (371-08-04, MAVIS
         2437756, component 1) Cut A-1 is a brief introduction to the film "Fidel" by Paul Niven
         (approximately 1-1/2 minutes). 2. Reel 2 (371-08-05, MAVIS 2437758, component 1) Cut B-2 is
         the hour-long film "Fidel." 3. Reel 1 (371-08-04, MAVIS 2437756, component 1) Cut A-3 is
         the hour-long panel discussion about the film, shown immediately after the film. From NET
         microfiche, file F: Program Description: This program provides a personal view of Fidel
         Castro and his attitudes toward government. He is seen as he traverses Cuba in a jeep and a
         helicopter, stopping to advise farmers, address throngs, confer with leaders, and pause for
         such diversions as a recollection of his old school days and a game of baseball. In one
         scene, Fidel commiserates with village people who have been deprived of bus transport and
         agrees that a new highway is needed. "Where do the women go to give birth?" he asks, and
         learns that the midwife is away, working in the fields. In another scene, he visits a
         cattle farm and talks about agriculture. With an old man he recalls the former Batista
         regime. School teachers treat him to a revoutionary song to the tune of "Glory Glory
         Hallelujah." And at a rally, sugar cane cutters chant: "Fidel! We will get the 10 million
         tons!" As he crosses his country, Fidel commutes on his government and his people. He
         speaks of "the new man" who senses "the importance of collectivity" and says that "he who
         needs more should receive more; he who needs less should receive less." He explains that he
         has always been against office methods and spends "most of my time touring the country,
         informing myself about the people." He recalls his early days, when teachers used "medieval
         punishments," such as placing weights across a child's knees. Despite his frequent school
         boy transgressions,he confesses that he received special treatment because his father was a
         large land holder. Later, at the university, he became "a utopian socialist. Being a
         Marxist, you have to have a revolutionary vocation." It was only later that "I began to
         understand imperialism," just as young westerners are doing today, according to Castro. He
         also reminisces about the revolution -- "a sacrificial fight and a hard one" with his
         guerrillas in the Sierra Maestra. "At times we were close to complete annihilation." He
         kept no diary; "I kept everything in my head -- a diary can be dangerous. Most men don't
         think of their role in history, they think of history as a sub-product of deeds." But at
         the end of the revolution, he found his most formidable task -- "beginning the revolution
         from power ... Instinctively, the people knew there would be politics for them. But we
         ourselves didn't know the magnitude of underdevelopment -- the ocean of necessities." He
         stresses such government priorities as "getting society off a single crop" -- sugar is now
         being joined by cattle, citrus fruits, and coffe, Castro says. The program notes the number
         of emigres waiting to leave Cuba; however, Castro argues that for them America is "not a
         country of liberty," but "a country of consumer goods" and material advantage. Also seen in
         the program is a sequence filmed in a rehabilitation prison-farm featuring political
         prisoners convicted of such crimes as conspiracy and sabotage. Prisoners speak of their
         crimes, and one charges that he has not received a fair trial. Suggested Newspaper Listing:
         NET Journal Special - "Fidel": An hour-long profile of Fidel Castro and his personal -- and
         peripatetic -- government. The Cuban leader is seen advising farmers, addressing throngs,
         visiting his old school, conferring with his leading spokesmen, and engaging in a game of
         baseball. Because of station interest, NET is presenting a panel disucssion to follow the
         hour-long documentary, "Fidel." Participants are: Saul Landau, producer of "Fidel" and
         co-producer of the 1967 NET Journal "Report form Cuba"; Paul D. Bethel, former CSIA
         official in Cuba, who is now editor of Latin America Report, and critic of Castro's Cuba;
         Richard Fagen, professor of political science, Stanford University, who has made extensive
         visits to Cuba in 1966 and 1968, and who is author of "Cuba: The Content of Political
         Education" and editor of "Cubans in Exile: Disaffection and Revolution"; and Andres Suarez,
         professor of political science, University of Florida and author of "Cuba: Castro and
         Communism," who was formerly chief of the vocational education department, Cuban Ministry
         of Education, and assistant secretary, Ministry of the Treasury, before the Castro
         takeover. The discussion, to be taped in Washington, DC, will be moderated by NET
         correspondent Paul Niven. It will be presented during the second hour of the
         program.</marc:subfield>
      </marc:datafield>
      <marc:datafield tag="337" ind1=" " ind2=" ">
         <marc:subfield code="a">Moving Image</marc:subfield>
         <marc:subfield code="2">MAVIS media type controlled vocabulary</marc:subfield>
      </marc:datafield>
      <marc:datafield tag="024" ind1="8" ind2=" ">
         <marc:subfield code="a">2437756</marc:subfield>
         <marc:subfield code="2">MAVIS Title Number</marc:subfield>
      </marc:datafield>
      <marc:datafield tag="024" ind1="8" ind2=" ">
         <marc:subfield code="a">NJFL</marc:subfield>
         <marc:subfield code="2">NET/PBS NOLA</marc:subfield>
      </marc:datafield>
      <marc:datafield tag="024" ind1="8" ind2=" ">
         <marc:subfield code="a">0</marc:subfield>
         <marc:subfield code="2">NET/PBS number</marc:subfield>
      </marc:datafield>
      <marc:datafield tag="546" ind1=" " ind2=" ">
         <marc:subfield code="a">English</marc:subfield>
      </marc:datafield>
      <marc:datafield tag="787" ind1="0" ind2=" ">
         <marc:subfield code="w">2437758</marc:subfield>
         <marc:subfield code="n">MAVIS id number</marc:subfield>
      </marc:datafield>
      <marc:datafield tag="653" ind1=" " ind2=" ">
         <marc:subfield code="a">Castro, Fidel, 1926-2016</marc:subfield>
         <marc:subfield code="0">http://id.loc.gov/authorities/names/n80039693</marc:subfield>
      </marc:datafield>
      <marc:datafield tag="653" ind1=" " ind2=" ">
         <marc:subfield code="a">Cuba</marc:subfield>
         <marc:subfield code="0">http://id.loc.gov/authorities/names/n79079435</marc:subfield>
      </marc:datafield>
      <marc:datafield tag="245" ind1="0" ind2="0">
         <marc:subfield code="a">NET journal. Fidel. [Reel 1 of 2].</marc:subfield>
         <marc:subfield code="b">The discussion: a production of National
         Educational Television ; facilities of WETA-TV, Washington, D.C. ; produced by Jim Karayn ;
         directed by Jim Eddins.</marc:subfield>
      </marc:datafield>
      <marc:datafield tag="246" ind1="3" ind2="3">
         <marc:subfield code="a">Fidel. [Reel 1 of 2].</marc:subfield>
      </marc:datafield>
      <marc:datafield tag="246" ind1="3" ind2="3">
         <marc:subfield code="a">[NET journal. Fidel. The
         discussion].</marc:subfield>
      </marc:datafield>
      <marc:datafield tag="246" ind1="3" ind2="3">
         <marc:subfield code="a">[NET journal. Fidel.
         Introduction].</marc:subfield>
      </marc:datafield>
      <marc:datafield tag="246" ind1="3" ind2="3">
         <marc:subfield code="a">NET journal
         special. Fidel.</marc:subfield>
      </marc:datafield>
      <marc:datafield tag="246" ind1="3" ind2="3">
         <marc:subfield code="a">Fidel!</marc:subfield>
      </marc:datafield>
      <marc:datafield tag="655" ind1=" " ind2="0">
         <marc:subfield code="a">Nonfiction television programs
         (lcgft)</marc:subfield>
         <marc:subfield code="0">http://id.loc.gov/authorities/genreForms/gf2011026425</marc:subfield>
      </marc:datafield>
      <marc:datafield tag="655" ind1=" " ind2="0">
         <marc:subfield code="a">Public affairs television programs
         (lcgft)</marc:subfield>
         <marc:subfield code="0">http://id.loc.gov/authorities/genreForms/gf2011026476</marc:subfield>
      </marc:datafield>
      <marc:datafield tag="655" ind1=" " ind2="0">
         <marc:subfield code="a">Television panel discussions
         (lcgft)</marc:subfield>
         <marc:subfield code="0">http://id.loc.gov/authorities/genreForms/gf2011026668</marc:subfield>
      </marc:datafield>
      <marc:datafield tag="655" ind1=" " ind2="0">
         <marc:subfield code="a">Television specials (lcgft)</marc:subfield>
         <marc:subfield code="0">http://id.loc.gov/authorities/genreForms/gf2011026683</marc:subfield>
      </marc:datafield>
   </marc:record>