
   <marc:record>
      <marc:leader>      am         3u     </marc:leader>
      <marc:datafield tag="042" ind1=" " ind2=" ">
         <marc:subfield code="a">dc</marc:subfield>
      </marc:datafield>
      <marc:datafield tag="720" ind1=" " ind2=" ">
         <marc:subfield code="a">National Educational Television and Radio Center</marc:subfield>
         <marc:subfield code="e">Broadcaster</marc:subfield>
         <marc:subfield code="0">http://id.loc.gov/authorities/names/n80050382</marc:subfield>
      </marc:datafield>
      <marc:datafield tag="720" ind1=" " ind2=" ">
         <marc:subfield code="a">Gill,
         David, 1928</marc:subfield>
         <marc:subfield code="e">Editor</marc:subfield>
         <marc:subfield code="0">http://id.loc.gov/authorities/names/n85376692</marc:subfield>
      </marc:datafield>
      <marc:datafield tag="720" ind1=" " ind2=" ">
         <marc:subfield code="a">Gold,
         Jack</marc:subfield>
         <marc:subfield code="e">Producer</marc:subfield>
         <marc:subfield code="0">http://id.loc.gov/authorities/names/no90002436</marc:subfield>
      </marc:datafield>
      <marc:datafield tag="720" ind1=" " ind2=" ">
         <marc:subfield code="a">Gold,
         Jack</marc:subfield>
         <marc:subfield code="e">Director</marc:subfield>
         <marc:subfield code="0">http://id.loc.gov/authorities/names/no90002436</marc:subfield>
      </marc:datafield>
      <marc:datafield tag="720" ind1=" " ind2=" ">
         <marc:subfield code="a">Norddeutscher Rundfunk</marc:subfield>
         <marc:subfield code="e">Production Company</marc:subfield>
         <marc:subfield code="0">http://id.loc.gov/authorities/names/n80153260</marc:subfield>
      </marc:datafield>
      <marc:datafield tag="720" ind1=" " ind2=" ">
         <marc:subfield code="a">Rediffusion Television Ltd.</marc:subfield>
         <marc:subfield code="e">Production Company</marc:subfield>
         <marc:subfield code="0">http://id.loc.gov/authorities/names/nb2004308145</marc:subfield>
      </marc:datafield>
      <marc:datafield tag="260" ind1=" " ind2=" ">
         <marc:subfield code="c">1968-8-12</marc:subfield>
      </marc:datafield>
      <marc:datafield tag="520" ind1=" " ind2=" ">
         <marc:subfield code="a">From NET microfiche: Program Description: This hour consists of two 30-minute
         documentaries on India. The first portion of the program scans India at the time of its
         most recent general election (February 1967), in which Prime Minister Indira Gandhi's
         Congress party was accorded its narrowest majority since the nation's introduction to
         democracy in 1951. "Experiment in Freedom," produced by North German Television, examines
         the country's adoption of the democratic system and the problems which that system must
         cope in an over-populated, underfed nation. The program notes several factors that impede
         India's experiment in freedom. Primary among them is a conservative attitude based on rigid
         religious codes, an educational system that discourages questioning, and a hereditary caste
         system that has been formally abolished without actually losing its hold on the public
         mind. Adding to these difficulties are the massive red tape of Indian bureaucracy, the slow
         progress of industry, and the rural conservatism that is symbolized by the sacred cow. In a
         nation with a multiplicity of languages and religions, only the army has achieved "the
         mingling of all elements of Indian society - the long-time goal of the government." In a
         nation rife with superstition, even a progressive village mayor must consult the local
         astrologer before making policy decisions, the program notes. The program ranges the rural
         and urban life of modern India, visits schoolrooms and Parliament sessions, and shows the
         political life of Mme. Gandhi, daughter of the late Prime Minister Nehru, who has led her
         country's precarious experiment since 1966. "Famine," produced by Rediffusion Television
         Ltd., is an unstinting report on the Indian State of Bihar, where thousands die during an
         arid season. Lacking adequate irrigation, the Indians can only grow crops if the bi-annual
         monsoons come on schedule. In a dry season, there is nothing but the searing heat and the
         inevitable death of the famine-stricken natives. Shot during a time of famine, this
         documentary focuses on the suffering children, pot-bellied and spindle-legged, and the
         ever-present beggars; the farmers waiting for rains that never come; and the pregnant women
         whose deliveries will only add to the list of underfed. Variety called the program "a
         harrowing, tragic account ... that deserves the widest currency." The Sun of London asked:
         "Has television ever produced such an unforgettable scene?" And the Daily Sketch stated:
         "Jack Gold's production was both unemotional and brilliant. Suggested Newspaper Listing:
         NET Journal - "Freedom and Famine": Two perspectives into India - one on the state of
         Bihar, ridden with drought and disease; the other on the country's attempt to function of
         the democratic system.</marc:subfield>
      </marc:datafield>
      <marc:datafield tag="337" ind1=" " ind2=" ">
         <marc:subfield code="a">Moving Image</marc:subfield>
         <marc:subfield code="2">MAVIS media type controlled vocabulary</marc:subfield>
      </marc:datafield>
      <marc:datafield tag="024" ind1="8" ind2=" ">
         <marc:subfield code="a">2438619</marc:subfield>
         <marc:subfield code="2">MAVIS Title Number</marc:subfield>
      </marc:datafield>
      <marc:datafield tag="024" ind1="8" ind2=" ">
         <marc:subfield code="a">NJFF</marc:subfield>
         <marc:subfield code="2">NET/PBS NOLA</marc:subfield>
      </marc:datafield>
      <marc:datafield tag="024" ind1="8" ind2=" ">
         <marc:subfield code="a">0</marc:subfield>
         <marc:subfield code="2">NET/PBS number</marc:subfield>
      </marc:datafield>
      <marc:datafield tag="546" ind1=" " ind2=" ">
         <marc:subfield code="a">English</marc:subfield>
      </marc:datafield>
      <marc:datafield tag="653" ind1=" " ind2=" ">
         <marc:subfield code="a">India--Social conditions</marc:subfield>
         <marc:subfield code="0">http://id.loc.gov/authorities/subjects/sh85064951</marc:subfield>
      </marc:datafield>
      <marc:datafield tag="653" ind1=" " ind2=" ">
         <marc:subfield code="a">India--Politics and
         government</marc:subfield>
         <marc:subfield code="0">http://id.loc.gov/authorities/subjects/sh85064936</marc:subfield>
      </marc:datafield>
      <marc:datafield tag="653" ind1=" " ind2=" ">
         <marc:subfield code="a">Famines</marc:subfield>
         <marc:subfield code="0">http://id.loc.gov/authorities/subjects/sh85047075</marc:subfield>
      </marc:datafield>
      <marc:datafield tag="653" ind1=" " ind2=" ">
         <marc:subfield code="a">India</marc:subfield>
         <marc:subfield code="0">http://id.loc.gov/authorities/names/n80125948</marc:subfield>
      </marc:datafield>
      <marc:datafield tag="245" ind1="0" ind2="0">
         <marc:subfield code="a">NET journal. Freedom and famine.</marc:subfield>
         <marc:subfield code="b">Freedom: North German Television / Famine :
         Reduffusion Television Ltd., London ; a National Educational Television presentation ;
         producer-director, Jack Gold.</marc:subfield>
      </marc:datafield>
      <marc:datafield tag="246" ind1="3" ind2="3">
         <marc:subfield code="a">Freedom and famine.</marc:subfield>
      </marc:datafield>
      <marc:datafield tag="246" ind1="3" ind2="3">
         <marc:subfield code="a">[NET journal. Experiment in freedom ;
         Famine].</marc:subfield>
      </marc:datafield>
      <marc:datafield tag="246" ind1="3" ind2="3">
         <marc:subfield code="a">Experiment in freedom.</marc:subfield>
      </marc:datafield>
      <marc:datafield tag="246" ind1="3" ind2="3">
         <marc:subfield code="a">Famine.</marc:subfield>
      </marc:datafield>
      <marc:datafield tag="655" ind1=" " ind2="0">
         <marc:subfield code="a">Documentary television programs
         (lcgft)</marc:subfield>
         <marc:subfield code="0">http://id.loc.gov/authorities/genreForms/gf2011026207</marc:subfield>
      </marc:datafield>
      <marc:datafield tag="655" ind1=" " ind2="0">
         <marc:subfield code="a">Nonfiction television programs
         (lcgft)</marc:subfield>
         <marc:subfield code="0">http://id.loc.gov/authorities/genreForms/gf2011026425</marc:subfield>
      </marc:datafield>
   </marc:record>