
   <marc:record>
      <marc:leader>      am         3u     </marc:leader>
      <marc:datafield tag="042" ind1=" " ind2=" ">
         <marc:subfield code="a">dc</marc:subfield>
      </marc:datafield>
      <marc:datafield tag="720" ind1=" " ind2=" ">
         <marc:subfield code="a">Mountbatten of Burma, Louis Mountbatten</marc:subfield>
         <marc:subfield code="e">Interviewee</marc:subfield>
         <marc:subfield code="0">http://id.loc.gov/authorities/names/n79145174</marc:subfield>
      </marc:datafield>
      <marc:datafield tag="720" ind1=" " ind2=" ">
         <marc:subfield code="a">Gandhi, Indira</marc:subfield>
         <marc:subfield code="e">Interviewee</marc:subfield>
         <marc:subfield code="0">http://id.loc.gov/authorities/names/n79064593</marc:subfield>
      </marc:datafield>
      <marc:datafield tag="720" ind1=" " ind2=" ">
         <marc:subfield code="a">National Educational Television and Radio Center</marc:subfield>
         <marc:subfield code="e">Broadcaster</marc:subfield>
         <marc:subfield code="0">http://id.loc.gov/authorities/names/n80050382</marc:subfield>
      </marc:datafield>
      <marc:datafield tag="720" ind1=" " ind2=" ">
         <marc:subfield code="a">National
         Educational Television and Radio Center</marc:subfield>
         <marc:subfield code="e">Presenter</marc:subfield>
         <marc:subfield code="0">http://id.loc.gov/authorities/names/n80050382</marc:subfield>
      </marc:datafield>
      <marc:datafield tag="720" ind1=" " ind2=" ">
         <marc:subfield code="a">International Television Federation</marc:subfield>
         <marc:subfield code="e">Undetermined</marc:subfield>
      </marc:datafield>
      <marc:datafield tag="720" ind1=" " ind2=" ">
         <marc:subfield code="a">Guinness,
         Alec</marc:subfield>
         <marc:subfield code="e">Narrator</marc:subfield>
         <marc:subfield code="0">http://id.loc.gov/authorities/names/n84008382</marc:subfield>
      </marc:datafield>
      <marc:datafield tag="720" ind1=" " ind2=" ">
         <marc:subfield code="a">British Broadcasting Corporation</marc:subfield>
         <marc:subfield code="e">Production Company</marc:subfield>
         <marc:subfield code="0">http://id.loc.gov/authorities/names/n79074359</marc:subfield>
      </marc:datafield>
      <marc:datafield tag="720" ind1=" " ind2=" ">
         <marc:subfield code="a">Tennyson,
         Hallam</marc:subfield>
         <marc:subfield code="e">Writer</marc:subfield>
         <marc:subfield code="0">http://id.loc.gov/authorities/names/n81150231</marc:subfield>
      </marc:datafield>
      <marc:datafield tag="720" ind1=" " ind2=" ">
         <marc:subfield code="a">Stedall,
         Jonathan</marc:subfield>
         <marc:subfield code="e">Producer</marc:subfield>
         <marc:subfield code="0">http://id.loc.gov/authorities/names/no2008052682</marc:subfield>
      </marc:datafield>
      <marc:datafield tag="720" ind1=" " ind2=" ">
         <marc:subfield code="a">Stedall,
         Jonathan</marc:subfield>
         <marc:subfield code="e">Writer</marc:subfield>
         <marc:subfield code="0">http://id.loc.gov/authorities/names/no2008052682</marc:subfield>
      </marc:datafield>
      <marc:datafield tag="260" ind1=" " ind2=" ">
         <marc:subfield code="c">1969-12-22</marc:subfield>
      </marc:datafield>
      <marc:datafield tag="520" ind1=" " ind2=" ">
         <marc:subfield code="a">From NET microfiche (G): Program Description: This program examines the life
         and influence of Mohandas Karamchand (Mahatma) Gandhi (1869-1948) 100 years after his
         birth. The first portion of the program utilizes archive photographs and films of the
         Indian prophet of nonviolence, with narration provided by the celebrated British actor Sir
         Alec Guinness. The second portion examines Gandhi's revolutionary teachings, as they affect
         India today. The program contains interviews with: Indian Prime Minister Mrs. Indira
         Gandhi, who states that Gandhi would "be very deeply upset by the treatment of the
         Harijans' (untouchables) for whom he did so much." Lord Mountbatten of Burma, the last
         viceroy to India, who remembers Gandhi's involvement during the conflict between Hindus and
         Muslims in Bengal, when "his personality saved" the area from further bloodshed. According
         to Lord Mountbatten, Gandhi was "a saint with a sense of humor." Dr. E. F. Schumacher,
         economic advisor to the British National Coal Board, who says: "faced with the reality of
         the poor countries, which have plenty of labor but very little capital, I think Gandhi can
         be considered the most important economic teacher today." Acharya Ramamurti, one of
         thousands of Indians now implementing Gandhi's precepts, who describes the transformation
         of his country from power politics and centralized planning to the prophetic teaching of
         Gandhi; 'in its attempt to rediscover its soul, India is going back to Gandhi." Paddy
         Quinn, Gandhi's jailer on three occasions, who remembers the prophet as "a wonderful chapa
         very shrewd man. You never tried to pull a fast one with him." The film opens in 1931 when
         Gandhi, "in loin cloth and sandals,' arrives in London for the Round Table Conference as
         the representative of India's Congress party. His objectives; a struggle against British
         rule in India, and relief from the nation's overwhelming poverty. The film then retraces
         his career to his earliest arrest for civil disobedience in 1908, his next years as a
         lawyer in South Africa, and his efforts to transform the Congress Party into a mass
         movement. The Salt march in 1930, in which nearly 100,000 people, including Gandhi, were
         arrested, dramatized his attacks on India's ills. The program then carries forward his
         quest, through village reform, and through non-violent protest, which mobilized Indian
         women for the first time. "But Gandhi's greatest struggle and perhaps his greatest defeat
         was for Hindu-Muslim unity," narrates Guinness. In East Bengal, during the religious
         conflict, he is seen walking from village to village. He was still seeking unity between
         the religions when he was shot by a young Hindu in 1948. Twenty-one years after his death,
         Guinness reports: "Gandhi touched Indian life at so many levels-Hindu-Muslim unity,
         education, abolition of untouchability. Above all he believed in a decentralized village
         society, free of exploitation and hatred. How far has India achieved these ideals?" The
         second half of the film notes the problems that remain, above all, widespread poverty
         manifested in "the stagnation of village life." But "the position of women has changed
         dramatically as a result of Gandhi's' leadership;" Gandhi's followers have collected five
         million acres of land for cultivation by the people; village cooperatives are planned; and
         through Gandhi's influence, the country is learning that "the aim must be to have
         production by the masses, not mass p0roduction," according to Dr. Schumacher. In addition,
         "his ideas on the place of machinery in village life are being developed" (we see
         mechanical plows at work in the village of Sevagram, Gandhi's last home). And Gandhian
         principles of education, based on practical training, are being implemented in some
         schools. 'I think the future lies with Gandhi,' concludes Dr. Schumacher. Suggested
         Newspaper Listing: - NET Journal-"Gandhi's India:" Commemorating the 100th anniversary of
         the birth of the late Mahatma Gandhi, the documentary records his contribution to Indian
         independence and to non-violence worldwide. Includes additional interviews with principals
         in the Gandhi movement and Gandhi's associates: G. Hamachandran (co-worker), Dr. Sushila
         Nayar (Gandhi's personal physician), Donald Groom, Asha Devi Aryanayakan, and Pyarelal
         (Gandhi's secretary), and The Reverend R. R. Keithahn, an American missionary who has
         worked in India for forty years..</marc:subfield>
      </marc:datafield>
      <marc:datafield tag="337" ind1=" " ind2=" ">
         <marc:subfield code="a">Moving Image</marc:subfield>
         <marc:subfield code="2">MAVIS media type controlled vocabulary</marc:subfield>
      </marc:datafield>
      <marc:datafield tag="024" ind1="8" ind2=" ">
         <marc:subfield code="a">2451987</marc:subfield>
         <marc:subfield code="2">MAVIS Title Number</marc:subfield>
      </marc:datafield>
      <marc:datafield tag="024" ind1="8" ind2=" ">
         <marc:subfield code="a">NJGI</marc:subfield>
         <marc:subfield code="2">NET/PBS NOLA</marc:subfield>
      </marc:datafield>
      <marc:datafield tag="024" ind1="8" ind2=" ">
         <marc:subfield code="a">0 (PBS-1994.xls)</marc:subfield>
         <marc:subfield code="2">NET/PBS number</marc:subfield>
      </marc:datafield>
      <marc:datafield tag="024" ind1="8" ind2=" ">
         <marc:subfield code="a">259 (NET microfiche)</marc:subfield>
         <marc:subfield code="2">NET/PBS number</marc:subfield>
      </marc:datafield>
      <marc:datafield tag="546" ind1=" " ind2=" ">
         <marc:subfield code="a">English</marc:subfield>
      </marc:datafield>
      <marc:datafield tag="653" ind1=" " ind2=" ">
         <marc:subfield code="a"/>
      </marc:datafield>
      <marc:datafield tag="653" ind1=" " ind2=" ">
         <marc:subfield code="a">India</marc:subfield>
         <marc:subfield code="0">http://id.loc.gov/authorities/names/n80125948</marc:subfield>
      </marc:datafield>
      <marc:datafield tag="245" ind1="0" ind2="0">
         <marc:subfield code="a">NET journal. Gandhi's India.</marc:subfield>
         <marc:subfield code="b">produced for Intertel by the British
         Broadcasting Corporation ; National Educational Television presentation ; producer,
         Jonathan Stedall ; writers, Hallam Tennyson and Jonathan Stedall.</marc:subfield>
      </marc:datafield>
      <marc:datafield tag="246" ind1="3" ind2="3">
         <marc:subfield code="a">Gandhi's India.</marc:subfield>
      </marc:datafield>
      <marc:datafield tag="246" ind1="3" ind2="3">
         <marc:subfield code="a">Ghandi's India.</marc:subfield>
      </marc:datafield>
      <marc:datafield tag="246" ind1="3" ind2="3">
         <marc:subfield code="a">NET journal. [No. 259], Gandhi's India.</marc:subfield>
      </marc:datafield>
      <marc:datafield tag="655" ind1=" " ind2="0">
         <marc:subfield code="a">Biographical television programs
         (lcgft)</marc:subfield>
         <marc:subfield code="0">http://id.loc.gov/authorities/genreForms/gf2011026091</marc:subfield>
      </marc:datafield>
      <marc:datafield tag="655" ind1=" " ind2="0">
         <marc:subfield code="a">Documentary television programs
         (lcgft)</marc:subfield>
         <marc:subfield code="0">http://id.loc.gov/authorities/genreForms/gf2011026207</marc:subfield>
      </marc:datafield>
      <marc:datafield tag="655" ind1=" " ind2="0">
         <marc:subfield code="a">Nonfiction television programs
         (lcgft)</marc:subfield>
         <marc:subfield code="0">http://id.loc.gov/authorities/genreForms/gf2011026425</marc:subfield>
      </marc:datafield>
      <marc:datafield tag="655" ind1=" " ind2="0">
         <marc:subfield code="a">Public affairs television programs
         (lcgft)</marc:subfield>
         <marc:subfield code="0">http://id.loc.gov/authorities/genreForms/gf2011026476</marc:subfield>
      </marc:datafield>
   </marc:record>