
   <marc:record>
      <marc:leader>      am         3u     </marc:leader>
      <marc:datafield tag="042" ind1=" " ind2=" ">
         <marc:subfield code="a">dc</marc:subfield>
      </marc:datafield>
      <marc:datafield tag="720" ind1=" " ind2=" ">
         <marc:subfield code="a">National Educational Television and Radio Center</marc:subfield>
         <marc:subfield code="e">Broadcaster</marc:subfield>
         <marc:subfield code="0">http://id.loc.gov/authorities/names/n80050382</marc:subfield>
      </marc:datafield>
      <marc:datafield tag="720" ind1=" " ind2=" ">
         <marc:subfield code="a">National
         Educational Television and Radio Center</marc:subfield>
         <marc:subfield code="e">Presenter</marc:subfield>
         <marc:subfield code="0">http://id.loc.gov/authorities/names/n80050382</marc:subfield>
      </marc:datafield>
      <marc:datafield tag="720" ind1=" " ind2=" ">
         <marc:subfield code="a">Norddeutscher Rundfunk</marc:subfield>
         <marc:subfield code="e">Production Company</marc:subfield>
         <marc:subfield code="0">http://id.loc.gov/authorities/names/n80153260</marc:subfield>
      </marc:datafield>
      <marc:datafield tag="720" ind1=" " ind2=" ">
         <marc:subfield code="a">Weston, William</marc:subfield>
         <marc:subfield code="e">Executive Producer</marc:subfield>
      </marc:datafield>
      <marc:datafield tag="260" ind1=" " ind2=" ">
         <marc:subfield code="c">1969-7-14</marc:subfield>
      </marc:datafield>
      <marc:datafield tag="520" ind1=" " ind2=" ">
         <marc:subfield code="a">From NET microfiche, file G: Program Description: This hour-long documentary
         has been culled from three German-made films tracing the reconstruction of Germany in the
         years 1945-49. It focuses on the economic, social, and political life of the West German
         people, who were left with tons of rubble and the weight of their collective guilt at the
         end of World War II. In personal terms, there were 20 million homeless people in the Allied
         sectors alone. Another 12 million soldiers and civilians became prisoners of war, remaining
         in concentration camps for as long as 11 years. The Germans had also to bear the full truth
         about the concentration camps in which nine million people had died. Their entire nation
         was, in fact, on trial at Nuremberg and in denazification proceedings that followed. But
         buoyed by their own spirit and by Allied assistance, the Germans, as the program
         illustrates, dug out from the rubble, rebuilt their own schools and universities, and
         restored their own press and their own industry. There are ingenious ways of overcoming a
         shortage of materials: old helmets are converted to colanders, and kilns are used to burn
         charcoal for emergency heat. At the same time, the conqueror's will weakens. Originally
         designated as an agricultural nation only, the Germans are helped to restore their
         industrial prowess, and finally Allied support grows to epic proportions with the Berlin
         airlift - "the first favorable world attention Germany has had in years." Political
         self-determination returns at about the same time. Germans are seen lining up for the polls
         in a manner reminiscent of their earlier queues for the scanty food rations of 1945 and
         1946. Finally in 1949, the process is restored with the appearance of a new constitution
         and the Federal Republic of West Germany, headed by Konrad Adenauer. The shadow of World
         War II remains, however, in a divided Germany. In personal terms, there are the split
         families and the hordes seeking entry into West Germany from the far side of the Iron
         Curtain. Suggested Newspaper Listing "Germany After the Fall": The economic and social
         reconstruction of Germany from the ashes of World War II is seen thorough German
         eyes.</marc:subfield>
      </marc:datafield>
      <marc:datafield tag="337" ind1=" " ind2=" ">
         <marc:subfield code="a">Moving Image</marc:subfield>
         <marc:subfield code="2">MAVIS media type controlled vocabulary</marc:subfield>
      </marc:datafield>
      <marc:datafield tag="024" ind1="8" ind2=" ">
         <marc:subfield code="a">2411905</marc:subfield>
         <marc:subfield code="2">MAVIS Title Number</marc:subfield>
      </marc:datafield>
      <marc:datafield tag="024" ind1="8" ind2=" ">
         <marc:subfield code="a">NJGF</marc:subfield>
         <marc:subfield code="2">NET/PBS NOLA</marc:subfield>
      </marc:datafield>
      <marc:datafield tag="024" ind1="8" ind2=" ">
         <marc:subfield code="a">0 (PBS-1994.xls Excel spreadsheet)</marc:subfield>
         <marc:subfield code="2">NET/PBS number</marc:subfield>
      </marc:datafield>
      <marc:datafield tag="024" ind1="8" ind2=" ">
         <marc:subfield code="a">241 (NET microfiche)</marc:subfield>
         <marc:subfield code="2">NET/PBS number</marc:subfield>
      </marc:datafield>
      <marc:datafield tag="546" ind1=" " ind2=" ">
         <marc:subfield code="a">English</marc:subfield>
      </marc:datafield>
      <marc:datafield tag="653" ind1=" " ind2=" ">
         <marc:subfield code="a">Denazification</marc:subfield>
         <marc:subfield code="0">http://id.loc.gov/authorities/subjects/sh85036692</marc:subfield>
      </marc:datafield>
      <marc:datafield tag="653" ind1=" " ind2=" ">
         <marc:subfield code="a">Reconstruction
         (1939-1951)--Germany</marc:subfield>
         <marc:subfield code="0">http://id.loc.gov/authorities/subjects/sh85111868</marc:subfield>
      </marc:datafield>
      <marc:datafield tag="245" ind1="0" ind2="0">
         <marc:subfield code="a">NET journal. Germany after the fall.</marc:subfield>
         <marc:subfield code="b">NET presentation, based on documentaries
         produced by Nord Deutscher Rundfunk ; NET executive producer, William Weston</marc:subfield>
      </marc:datafield>
      <marc:datafield tag="246" ind1="3" ind2="3">
         <marc:subfield code="a">Germany after the fall.</marc:subfield>
      </marc:datafield>
      <marc:datafield tag="246" ind1="3" ind2="3">
         <marc:subfield code="a">NET journal. [No. 241], Germany after the
         fall.</marc:subfield>
      </marc:datafield>
      <marc:datafield tag="655" ind1=" " ind2="0">
         <marc:subfield code="a">Documentary television programs
         (lcgft)</marc:subfield>
         <marc:subfield code="0">http://id.loc.gov/authorities/genreForms/gf2011026207</marc:subfield>
      </marc:datafield>
      <marc:datafield tag="655" ind1=" " ind2="0">
         <marc:subfield code="a">Nonfiction television programs
         (lcgft)</marc:subfield>
         <marc:subfield code="0">http://id.loc.gov/authorities/genreForms/gf2011026425</marc:subfield>
      </marc:datafield>
   </marc:record>