
   <marc:record>
      <marc:leader>      am         3u     </marc:leader>
      <marc:datafield tag="042" ind1=" " ind2=" ">
         <marc:subfield code="a">dc</marc:subfield>
      </marc:datafield>
      <marc:datafield tag="720" ind1=" " ind2=" ">
         <marc:subfield code="a">Heisenberg, Werner</marc:subfield>
         <marc:subfield code="e">Interviewee</marc:subfield>
         <marc:subfield code="0">http://id.loc.gov/authorities/names/n50029198</marc:subfield>
      </marc:datafield>
      <marc:datafield tag="720" ind1=" " ind2=" ">
         <marc:subfield code="a">National Educational Television and Radio Center</marc:subfield>
         <marc:subfield code="e">Broadcaster</marc:subfield>
         <marc:subfield code="0">http://id.loc.gov/authorities/names/n80050382</marc:subfield>
      </marc:datafield>
      <marc:datafield tag="720" ind1=" " ind2=" ">
         <marc:subfield code="a">Cutforth,
         Rene</marc:subfield>
         <marc:subfield code="e">Narrator</marc:subfield>
         <marc:subfield code="0">http://id.loc.gov/authorities/names/no98007448</marc:subfield>
      </marc:datafield>
      <marc:datafield tag="720" ind1=" " ind2=" ">
         <marc:subfield code="a">Teller, Edward</marc:subfield>
         <marc:subfield code="e">Interviewee</marc:subfield>
         <marc:subfield code="0">http://id.loc.gov/authorities/names/n79022081</marc:subfield>
      </marc:datafield>
      <marc:datafield tag="720" ind1=" " ind2=" ">
         <marc:subfield code="a">Oppenheimer, J. Robert</marc:subfield>
         <marc:subfield code="e">Interviewee</marc:subfield>
         <marc:subfield code="0">http://id.loc.gov/authorities/names/n50005793</marc:subfield>
      </marc:datafield>
      <marc:datafield tag="720" ind1=" " ind2=" ">
         <marc:subfield code="a">McCutchen, Dick</marc:subfield>
         <marc:subfield code="e">Narrator</marc:subfield>
         <marc:subfield code="0">http://id.loc.gov/authorities/names/no00028548</marc:subfield>
      </marc:datafield>
      <marc:datafield tag="720" ind1=" " ind2=" ">
         <marc:subfield code="a">Agnew,
         Harold M.</marc:subfield>
         <marc:subfield code="e">Interviewee</marc:subfield>
         <marc:subfield code="0">http://id.loc.gov/authorities/names/n89601487</marc:subfield>
      </marc:datafield>
      <marc:datafield tag="720" ind1=" " ind2=" ">
         <marc:subfield code="a">National Educational Television and Radio Center</marc:subfield>
         <marc:subfield code="e">Production Company</marc:subfield>
         <marc:subfield code="0">http://id.loc.gov/authorities/names/n80050382</marc:subfield>
      </marc:datafield>
      <marc:datafield tag="720" ind1=" " ind2=" ">
         <marc:subfield code="a">British Broadcasting Corporation</marc:subfield>
         <marc:subfield code="e">Production Company</marc:subfield>
         <marc:subfield code="0">http://id.loc.gov/authorities/names/n79074359</marc:subfield>
      </marc:datafield>
      <marc:datafield tag="720" ind1=" " ind2=" ">
         <marc:subfield code="a">Jay,
         Antony</marc:subfield>
         <marc:subfield code="e">Writer</marc:subfield>
         <marc:subfield code="0">http://id.loc.gov/authorities/names/nb2004307979</marc:subfield>
      </marc:datafield>
      <marc:datafield tag="720" ind1=" " ind2=" ">
         <marc:subfield code="a">Weston, William</marc:subfield>
         <marc:subfield code="e">Producer</marc:subfield>
      </marc:datafield>
      <marc:datafield tag="720" ind1=" " ind2=" ">
         <marc:subfield code="a">Agnew,
         Harold M.</marc:subfield>
         <marc:subfield code="e">Filmmaker</marc:subfield>
         <marc:subfield code="0">http://id.loc.gov/authorities/names/n89601487</marc:subfield>
      </marc:datafield>
      <marc:datafield tag="720" ind1=" " ind2=" ">
         <marc:subfield code="a">Reid, R.W.</marc:subfield>
         <marc:subfield code="e">Producer</marc:subfield>
      </marc:datafield>
      <marc:datafield tag="260" ind1=" " ind2=" ">
         <marc:subfield code="c">1970-7-30</marc:subfield>
      </marc:datafield>
      <marc:datafield tag="260" ind1=" " ind2=" ">
         <marc:subfield code="c">1970-8-3</marc:subfield>
      </marc:datafield>
      <marc:datafield tag="520" ind1=" " ind2=" ">
         <marc:subfield code="a">Building the bomb segment statement of responsibility: BBC-TV ; for NET ;
         producer, RW Reid ; writer, Anthony Jay. From NET microfiche: Program Description: The
         first segment of the program will feature pictures from the "Hiroshima and Nagasaki"
         Exhibition, held at the New York Cultural Center from May 12 to June 21, 1970. The
         exhibition commemorated the 25th anniversary of the bombings. Visitors to the exhibition
         will offer their comments and reactions to the bombings. The segment will consist of
         excerpts from the five-year-old BBC film, "Building the Bomb." About a half-hour of this
         hour-long documentary, originally broadcast by NET December 6, 1965, will be shown. The
         film examines the development of the first atom bomb, probes the consciences of the
         scientists who worked on it, and shows the actual mushroom cloud over Hiroshima 25 years
         ago. This film - the only record of the first wartime atomic bombing - was taken by a young
         scientist, Harold Agnew, who flew with the Hiroshima mission and took along his 16mm
         camera. "Building the Bomb" explores the political and military strategy behind the
         construction of the bomb. Since Germany was the scene of the world's most advanced atomic
         work, it soon became clear that a race was on to beat Hitler to the atomic bomb. A project
         known as Manhattan District, which utilized many Jewish physicists fleeing Nazi rule, was
         set up at an eventual cost of $2 billion. Hitler was defeated before the bomb was completed
         and the decision had to be made whether to use it against Japan. The physicists, of whom
         five are interviewed in this documentary, tried to make politicians see the consequences of
         using the bomb. The physicists interviewed are: the late J. Robert Oppenheimer, head of the
         Los Alamos laboratory of the Manhattan Project; Edward Teller, the Hungarian emigrant who
         later became the "father" of the Hydrogen Bomb; Harold Agnew; Emilio Serge, an Italian who
         fled to America; and Werner von Heisenberg, who continued to work on the German uranium
         project during the war. Bulinding the bomb credit: Narrator: Rene Cutforth The program
         closes with a 16-minute film, taken by the Japanese, showing the death and destruction
         caused by the bomb and the incredible suffering of those left maimed in the ensuing days.
         It was confiscated by the US Army, held for 20-years, and was released only several months
         ago. NOTE: The film shows many harrowing scenes of maimed and burned bodies. The bomb,
         dropped on Hiroshima on August 6, 1945, killed 100,000 people, and injured another 100,000.
         "Near the center people became nothing. Near the center, there was no sound." At the
         center, the temperature was as hot as the sun. Three days later, another bomb was dropped
         on Nagasaki, killing 50,000. A Japanese girl who witnessed the suffering comments: "I think
         if I'm in hell it's like this . Many people run . Many people looking awful. Skin come
         off . No faces, no eyes . Many people going to the river. I watch them. Many people
         drinking water. But they fall in and die." The camera captures unbelievable scenes,
         scarcely bearable to watch - devastated buildings; the desperate, expressionless faces of
         children receiving medical care; the skulls and skeletons of persons burned to death when a
         trolley derailed and burst into flames; the dead melted eyeballs of a middle-aged woman
         seen when the doctors pry open her eyelids. The funeral narration lists the statistics of
         casualties and ghastly descriptions of the human suffering. Events, almost preternatural in
         character began to occur after the twelfth day when the effects of radiation on human and
         plant life set in. Wounds began to open wider. People who had not seemed sick before became
         violently ill. "Women saw their hair come out in handfuls in their combs . Their skin fell
         off in glove-like pieces." Lush, green vegetation grew wildly in the center of the city.
         "As people were dying of radiation sickness, the cities were blanketed with flowers."
         NETJournal #283 - Hiroshima-Nagasaki" is a production of National Educational Television.
         Producer: William Weston Narrator: Richard McCutchen Suggested Newspaper Listing: The 25th
         anniversary of the bombing of Hiroshima and Nagasaki will be commemorated in this hour-long
         program. The human suffering brought about by the bomb, captured on film by the Japanese
         and shown for the first time on American television will form a portion of the
         program.</marc:subfield>
      </marc:datafield>
      <marc:datafield tag="337" ind1=" " ind2=" ">
         <marc:subfield code="a">Moving Image</marc:subfield>
         <marc:subfield code="2">MAVIS media type controlled vocabulary</marc:subfield>
      </marc:datafield>
      <marc:datafield tag="024" ind1="8" ind2=" ">
         <marc:subfield code="a">2473520</marc:subfield>
         <marc:subfield code="2">MAVIS Title Number</marc:subfield>
      </marc:datafield>
      <marc:datafield tag="024" ind1="8" ind2=" ">
         <marc:subfield code="a">HROS</marc:subfield>
         <marc:subfield code="2">NET/PBS NOLA</marc:subfield>
      </marc:datafield>
      <marc:datafield tag="024" ind1="8" ind2=" ">
         <marc:subfield code="a">0 (PBS-1994.xls Excel spreadsheet)</marc:subfield>
         <marc:subfield code="2">NET/PBS number</marc:subfield>
      </marc:datafield>
      <marc:datafield tag="024" ind1="8" ind2=" ">
         <marc:subfield code="a">283 (NET journal)</marc:subfield>
         <marc:subfield code="2">NET/PBS number</marc:subfield>
      </marc:datafield>
      <marc:datafield tag="546" ind1=" " ind2=" ">
         <marc:subfield code="a">English</marc:subfield>
      </marc:datafield>
      <marc:datafield tag="787" ind1="0" ind2=" ">
         <marc:subfield code="w">2424417</marc:subfield>
         <marc:subfield code="n">MAVIS id number</marc:subfield>
      </marc:datafield>
      <marc:datafield tag="653" ind1=" " ind2=" ">
         <marc:subfield code="a">Hiroshima-shi
         (Japan)--History--Bombardment, 1945</marc:subfield>
         <marc:subfield code="0">http://id.loc.gov/authorities/subjects/sh95003738</marc:subfield>
      </marc:datafield>
      <marc:datafield tag="653" ind1=" " ind2=" ">
         <marc:subfield code="a"/>
      </marc:datafield>
      <marc:datafield tag="653" ind1=" " ind2=" ">
         <marc:subfield code="a">World War, 1939-1945</marc:subfield>
         <marc:subfield code="0">http://id.loc.gov/authorities/subjects/sh85148273</marc:subfield>
      </marc:datafield>
      <marc:datafield tag="653" ind1=" " ind2=" ">
         <marc:subfield code="a">Atomic bomb</marc:subfield>
         <marc:subfield code="0">http://id.loc.gov/authorities/subjects/sh85009310</marc:subfield>
      </marc:datafield>
      <marc:datafield tag="653" ind1=" " ind2=" ">
         <marc:subfield code="a">Manhattan Project (U.S.)</marc:subfield>
         <marc:subfield code="0">http://id.loc.gov/authorities/names/n88074979</marc:subfield>
      </marc:datafield>
      <marc:datafield tag="245" ind1="0" ind2="0">
         <marc:subfield code="a">NET journal. Hiroshima-Nagasaki.</marc:subfield>
         <marc:subfield code="b">National Educational Television ; producer,
         William Weston.</marc:subfield>
      </marc:datafield>
      <marc:datafield tag="246" ind1="3" ind2="3">
         <marc:subfield code="a">Hiroshima-Nagasaki.</marc:subfield>
      </marc:datafield>
      <marc:datafield tag="246" ind1="3" ind2="3">
         <marc:subfield code="a">[Nagasaki-Hiroshima].</marc:subfield>
      </marc:datafield>
      <marc:datafield tag="246" ind1="3" ind2="3">
         <marc:subfield code="a">NET Hiroshima.</marc:subfield>
      </marc:datafield>
      <marc:datafield tag="246" ind1="3" ind2="3">
         <marc:subfield code="a">Hiroshima.</marc:subfield>
      </marc:datafield>
      <marc:datafield tag="246" ind1="3" ind2="3">
         <marc:subfield code="a">NET journal. [No. 283],
         Hiroshima-Nagasaki.</marc:subfield>
      </marc:datafield>
      <marc:datafield tag="655" ind1=" " ind2="0">
         <marc:subfield code="a">Documentary television programs
         (lcgft)</marc:subfield>
         <marc:subfield code="0">http://id.loc.gov/authorities/genreForms/gf2011026207</marc:subfield>
      </marc:datafield>
      <marc:datafield tag="655" ind1=" " ind2="0">
         <marc:subfield code="a">Educational television programs
         (lcgft)</marc:subfield>
         <marc:subfield code="0">http://id.loc.gov/authorities/genreForms/gf2011026221\n</marc:subfield>
      </marc:datafield>
      <marc:datafield tag="655" ind1=" " ind2="0">
         <marc:subfield code="a">Nonfiction television programs
         (lcgft)</marc:subfield>
         <marc:subfield code="0">http://id.loc.gov/authorities/genreForms/gf2011026425</marc:subfield>
      </marc:datafield>
   </marc:record>