
   <marc:record>
      <marc:leader>      am         3u     </marc:leader>
      <marc:datafield tag="042" ind1=" " ind2=" ">
         <marc:subfield code="a">dc</marc:subfield>
      </marc:datafield>
      <marc:datafield tag="720" ind1=" " ind2=" ">
         <marc:subfield code="a">Heisenberg, Werner</marc:subfield>
         <marc:subfield code="e">Interviewee</marc:subfield>
         <marc:subfield code="0">http://id.loc.gov/authorities/names/n50029198</marc:subfield>
      </marc:datafield>
      <marc:datafield tag="720" ind1=" " ind2=" ">
         <marc:subfield code="a">National Educational Television and Radio Center</marc:subfield>
         <marc:subfield code="e">Broadcaster</marc:subfield>
         <marc:subfield code="0">http://id.loc.gov/authorities/names/n80050382</marc:subfield>
      </marc:datafield>
      <marc:datafield tag="720" ind1=" " ind2=" ">
         <marc:subfield code="a">Cutforth,
         Rene</marc:subfield>
         <marc:subfield code="e">Narrator</marc:subfield>
         <marc:subfield code="0">http://id.loc.gov/authorities/names/no98007448</marc:subfield>
      </marc:datafield>
      <marc:datafield tag="720" ind1=" " ind2=" ">
         <marc:subfield code="a">Teller, Edward</marc:subfield>
         <marc:subfield code="e">Interviewee</marc:subfield>
         <marc:subfield code="0">http://id.loc.gov/authorities/names/n79022081</marc:subfield>
      </marc:datafield>
      <marc:datafield tag="720" ind1=" " ind2=" ">
         <marc:subfield code="a">Oppenheimer, J. Robert</marc:subfield>
         <marc:subfield code="e">Interviewee</marc:subfield>
         <marc:subfield code="0">http://id.loc.gov/authorities/names/n50005793</marc:subfield>
      </marc:datafield>
      <marc:datafield tag="720" ind1=" " ind2=" ">
         <marc:subfield code="a">Segre,
         Emilio</marc:subfield>
         <marc:subfield code="e">Interviewee</marc:subfield>
         <marc:subfield code="0">http://id.loc.gov/authorities/names/n80006206</marc:subfield>
      </marc:datafield>
      <marc:datafield tag="720" ind1=" " ind2=" ">
         <marc:subfield code="a">British Broadcasting Corporation</marc:subfield>
         <marc:subfield code="e">Production Company</marc:subfield>
         <marc:subfield code="0">http://id.loc.gov/authorities/names/n79074359</marc:subfield>
      </marc:datafield>
      <marc:datafield tag="720" ind1=" " ind2=" ">
         <marc:subfield code="a">Jay,
         Antony</marc:subfield>
         <marc:subfield code="e">Writer</marc:subfield>
         <marc:subfield code="0">http://id.loc.gov/authorities/names/nb2004307979</marc:subfield>
      </marc:datafield>
      <marc:datafield tag="720" ind1=" " ind2=" ">
         <marc:subfield code="a">Agnew,
         Harold M.</marc:subfield>
         <marc:subfield code="e">Filmmaker</marc:subfield>
         <marc:subfield code="0">http://id.loc.gov/authorities/names/n89601487</marc:subfield>
      </marc:datafield>
      <marc:datafield tag="720" ind1=" " ind2=" ">
         <marc:subfield code="a">Reid, R.W.</marc:subfield>
         <marc:subfield code="e">Producer</marc:subfield>
      </marc:datafield>
      <marc:datafield tag="260" ind1=" " ind2=" ">
         <marc:subfield code="c">1965-12-6</marc:subfield>
      </marc:datafield>
      <marc:datafield tag="520" ind1=" " ind2=" ">
         <marc:subfield code="a">From NET microfiche: The BBC-TV documentary, widely hailed in Britain,
         examines the development of the first atom bomb, probes the consciences of the scientist
         who worked on it, and shows hitherto unseen film of that first, fantastic mushroom cloud
         over Hiroshima 20 years ago. This film - the only record of the first atomic bomb - was
         taken by a young scientist, Harold Agnew, who flew with the Hiroshima mission and took
         along his 16mm camera. BUIDLING THE BOMB spans a crucial decade in man's history -
         beginning in the 1930s with the growing scientific realization that vast amounts of energy
         could be harnessed from the atom, and ending with the failure of the physicists to draw
         politicians' attention to the consequences of the use of the bomb - and finally Hiroshima.
         During the 1930s, Germany was the scene of some of the world's most advanced atomic work
         and it soon became clear that a race was on to beat Hitler to the atomic bomb. But many of
         Hitler's top physicists were Jews and they began fleeing to Britain and the United States
         (taking their nuclear know-how with them) to escape the terror of the Nazis. In the United
         States, a project known as Manhattan District was set up to beat Hitler - at an eventual
         cost of an unprecedented $2 billion. The NET presentation contains contemporary newsreel
         clips, reconstructed events, and interviews with such scientists as J. Robert Oppenheimer,
         Edward Teller, and two Nobel prize winners - Emilio Serge, an Italian and Werner von
         Heisenberg, a member of the German team. "Building the Bomb" is a 1965 public affairs
         presentation from National Educational Television, produced by BBC-TV. Its producer is RW
         Reid and its writer Anthony Jay. Rene Cutforth narrates it.</marc:subfield>
      </marc:datafield>
      <marc:datafield tag="337" ind1=" " ind2=" ">
         <marc:subfield code="a">Moving Image</marc:subfield>
         <marc:subfield code="2">MAVIS media type controlled vocabulary</marc:subfield>
      </marc:datafield>
      <marc:datafield tag="024" ind1="8" ind2=" ">
         <marc:subfield code="a">2424417</marc:subfield>
         <marc:subfield code="2">MAVIS Title Number</marc:subfield>
      </marc:datafield>
      <marc:datafield tag="024" ind1="8" ind2=" ">
         <marc:subfield code="a">BDGB</marc:subfield>
         <marc:subfield code="2">NET/PBS NOLA</marc:subfield>
      </marc:datafield>
      <marc:datafield tag="024" ind1="8" ind2=" ">
         <marc:subfield code="a">0</marc:subfield>
         <marc:subfield code="2">NET/PBS number</marc:subfield>
      </marc:datafield>
      <marc:datafield tag="546" ind1=" " ind2=" ">
         <marc:subfield code="a">English</marc:subfield>
      </marc:datafield>
      <marc:datafield tag="787" ind1="0" ind2=" ">
         <marc:subfield code="w">2473520</marc:subfield>
         <marc:subfield code="n">MAVIS id number</marc:subfield>
      </marc:datafield>
      <marc:datafield tag="653" ind1=" " ind2=" ">
         <marc:subfield code="a">Hiroshima-shi
         (Japan)--History--Bombardment, 1945</marc:subfield>
         <marc:subfield code="0">http://id.loc.gov/authorities/subjects/sh95003738</marc:subfield>
      </marc:datafield>
      <marc:datafield tag="653" ind1=" " ind2=" ">
         <marc:subfield code="a">World War, 1939-1945</marc:subfield>
         <marc:subfield code="0">http://id.loc.gov/authorities/subjects/sh85148273</marc:subfield>
      </marc:datafield>
      <marc:datafield tag="653" ind1=" " ind2=" ">
         <marc:subfield code="a">Atomic bomb</marc:subfield>
         <marc:subfield code="0">http://id.loc.gov/authorities/subjects/sh85009310</marc:subfield>
      </marc:datafield>
      <marc:datafield tag="653" ind1=" " ind2=" ">
         <marc:subfield code="a">Manhattan Project (U.S.)</marc:subfield>
         <marc:subfield code="0">http://id.loc.gov/authorities/names/n88074979</marc:subfield>
      </marc:datafield>
      <marc:datafield tag="245" ind1="0" ind2="0">
         <marc:subfield code="a">Building the bomb.</marc:subfield>
         <marc:subfield code="b">BBC ; producer, R.W. Reid ; writer, Anthony
         Jay.</marc:subfield>
      </marc:datafield>
      <marc:datafield tag="655" ind1=" " ind2="0">
         <marc:subfield code="a">Documentary television programs
         (lcgft)</marc:subfield>
         <marc:subfield code="0">http://id.loc.gov/authorities/genreForms/gf2011026207</marc:subfield>
      </marc:datafield>
      <marc:datafield tag="655" ind1=" " ind2="0">
         <marc:subfield code="a">Educational television programs
         (lcgft)</marc:subfield>
         <marc:subfield code="0">http://id.loc.gov/authorities/genreForms/gf2011026221\n</marc:subfield>
      </marc:datafield>
      <marc:datafield tag="655" ind1=" " ind2="0">
         <marc:subfield code="a">Filmed interviews (lcgft)</marc:subfield>
         <marc:subfield code="0">http://id.loc.gov/authorities/genreForms/gf2011026269</marc:subfield>
      </marc:datafield>
      <marc:datafield tag="655" ind1=" " ind2="0">
         <marc:subfield code="a">Nonfiction television programs
         (lcgft)</marc:subfield>
         <marc:subfield code="0">http://id.loc.gov/authorities/genreForms/gf2011026425</marc:subfield>
      </marc:datafield>
      <marc:datafield tag="655" ind1=" " ind2="0">
         <marc:subfield code="a">Public affairs television programs
         (lcgft)</marc:subfield>
         <marc:subfield code="0">http://id.loc.gov/authorities/genreForms/gf2011026476</marc:subfield>
      </marc:datafield>
      <marc:datafield tag="655" ind1=" " ind2="0">
         <marc:subfield code="a">Science television programs
         (lcgft)</marc:subfield>
         <marc:subfield code="0">http://id.loc.gov/authorities/genreForms/gf2011026561</marc:subfield>
      </marc:datafield>
   </marc:record>