
   <marc:record>
      <marc:leader>      am         3u     </marc:leader>
      <marc:datafield tag="042" ind1=" " ind2=" ">
         <marc:subfield code="a">dc</marc:subfield>
      </marc:datafield>
      <marc:datafield tag="720" ind1=" " ind2=" ">
         <marc:subfield code="a">National Educational Television and Radio Center</marc:subfield>
         <marc:subfield code="e">Broadcaster</marc:subfield>
         <marc:subfield code="0">http://id.loc.gov/authorities/names/n80050382</marc:subfield>
      </marc:datafield>
      <marc:datafield tag="720" ind1=" " ind2=" ">
         <marc:subfield code="a">Fleming,
         James, 1915-</marc:subfield>
         <marc:subfield code="e">Reporter</marc:subfield>
         <marc:subfield code="0">http://id.loc.gov/authorities/names/nb2002029877</marc:subfield>
      </marc:datafield>
      <marc:datafield tag="720" ind1=" " ind2=" ">
         <marc:subfield code="a">Hunt,
         H. L.</marc:subfield>
         <marc:subfield code="e">Interviewee</marc:subfield>
         <marc:subfield code="0">http://id.loc.gov/authorities/names/n88137511</marc:subfield>
      </marc:datafield>
      <marc:datafield tag="720" ind1=" " ind2=" ">
         <marc:subfield code="a">Lodge, Arthur</marc:subfield>
         <marc:subfield code="e">Writer</marc:subfield>
      </marc:datafield>
      <marc:datafield tag="720" ind1=" " ind2=" ">
         <marc:subfield code="a">KUHT-TV</marc:subfield>
         <marc:subfield code="e">Production Company</marc:subfield>
         <marc:subfield code="0">http://id.loc.gov/authorities/names/n96030529</marc:subfield>
      </marc:datafield>
      <marc:datafield tag="720" ind1=" " ind2=" ">
         <marc:subfield code="a">Weston, William</marc:subfield>
         <marc:subfield code="e">Producer</marc:subfield>
      </marc:datafield>
      <marc:datafield tag="720" ind1=" " ind2=" ">
         <marc:subfield code="a">Bauer, James
         L.</marc:subfield>
         <marc:subfield code="e">Director</marc:subfield>
         <marc:subfield code="0">http://id.loc.gov/authorities/names/no99055162</marc:subfield>
      </marc:datafield>
      <marc:datafield tag="260" ind1=" " ind2=" ">
         <marc:subfield code="c">1967-8-21</marc:subfield>
      </marc:datafield>
      <marc:datafield tag="260" ind1=" " ind2=" ">
         <marc:subfield code="c">1968-5-13</marc:subfield>
      </marc:datafield>
      <marc:datafield tag="260" ind1=" " ind2=" ">
         <marc:subfield code="c">1968-6-3</marc:subfield>
      </marc:datafield>
      <marc:datafield tag="520" ind1=" " ind2=" ">
         <marc:subfield code="a">From NET microfiche, file H: Program Description: Haroldson LaFayette Hunt is
         the American success, a grandfatherly Horatio Alger with a Dallas drawl. He was born in
         Illinois, son of a Confederate war veteran. Later he drifted west, worked at odd jobs,
         began speculating in cotton farmland, went broke, then arrived in the Southwest in time for
         the oil boom. There, after several failures, a single well in the East Texas oil fields
         became the basis of his success. Now, almost forty years later, he is perhaps America's
         richest man. His business interests extend from food products to football, and from
         property to propaganda. It is in the latter area that he has earned his second reputation -
         as the "rightest" man in America. He has backed a number of self-announced right-wing
         political causes, and he uses the media to make known his views (on liberty, freedom,
         piety, Americanism, and the constant threat of Communism). Such programs as "Facts Forum,"
         "Life Line," and "Answers for Americans" - all bear the HL Hunt sponsored trademark from
         sponsor's message to political analysis. The views of HL Hunt? He has seldom voiced them
         publicly - despite his fervor and his interest in the mass media. However, in a rare
         interview with James Fleming for KUHT, Houston, HL Hunt expresses himself candidly on his
         wealth, his politics, and his view of history in the following manner: About the John Birch
         Society: "I am quite generally in favor of anyone that is fighting Communism and as they
         have weaknesses, as they do things that I don't approve of, why then I still don't want to
         be critical of them." About President Johnson: "...since he has been elected...he has been
         dominated by the Negro contingent...and labor and just three or four important minorities."
         About the mass media: "...the line should be drawn between people that love liberty and are
         for the freedom system and the society which has made America great and the newspapers,
         radio, TV stations, networks are largely in the hands of, we'll say, the enemy of that
         system." About the Warren Commission: "...it was set up three days after the Daily Worker
         ... called for it to be set up. So that is a very unfavorable start for it." About the
         presidency: "... he (Calvin Coolidge) turned in the last successful administration and then
         when asked why I say that, there was no subversive build-up during (his) seven years in
         office." Also appearing on the program are Dr. Franklin Littell, president of Iowa Wesleyan
         College and chairman of the Institute of American Democracy, and Charles Baker, executive
         director of IAD - an organization "devoted to opposing extremism of the right and left,"
         according to the program. Mr. Baker discusses a derogatory advertisement placed in a Dallas
         newspaper on the day of President Kennedy's visit. "One of the persons paying for the
         publication of this ad was a member of Mr. Hunt's family ... (This ad) helped contribute to
         the atmosphere in which we have unsavory developments instead of healthy debate and healthy
         disagreement. The same member of the family also owns a portion of Robert Welch,
         Incorporated, which published 'American Opinion,' the John Birch Society magazine." Says
         Dr. Littell: "... Mr. Hunt, if he didn't have so much money, would be a rather eccentric
         old gentleman. The thing that makes him so dangerous really is the kind of persons he
         supports, the kinds of organizations who are much more extreme, much more dangerous than
         his opinions would ever be. Reporter: James Fleming Suggested Newspaper Listing: "NET
         Journal - HL Hunt - The Richest and Rightest": Oil mogul HL Hunt speaks out on his wealth,
         his political patronage, the John Birch Society, and the Communist threat in a rare and
         revealing interview with reporter James Fleming.</marc:subfield>
      </marc:datafield>
      <marc:datafield tag="337" ind1=" " ind2=" ">
         <marc:subfield code="a">Moving Image</marc:subfield>
         <marc:subfield code="2">MAVIS media type controlled vocabulary</marc:subfield>
      </marc:datafield>
      <marc:datafield tag="024" ind1="8" ind2=" ">
         <marc:subfield code="a">2441102</marc:subfield>
         <marc:subfield code="2">MAVIS Title Number</marc:subfield>
      </marc:datafield>
      <marc:datafield tag="024" ind1="8" ind2=" ">
         <marc:subfield code="a">NJHL</marc:subfield>
         <marc:subfield code="2">NET/PBS NOLA</marc:subfield>
      </marc:datafield>
      <marc:datafield tag="024" ind1="8" ind2=" ">
         <marc:subfield code="a">0</marc:subfield>
         <marc:subfield code="2">NET/PBS number</marc:subfield>
      </marc:datafield>
      <marc:datafield tag="546" ind1=" " ind2=" ">
         <marc:subfield code="a">English</marc:subfield>
      </marc:datafield>
      <marc:datafield tag="653" ind1=" " ind2=" ">
         <marc:subfield code="a">Conservatives</marc:subfield>
         <marc:subfield code="0">http://id.loc.gov/authorities/subjects/sh2004003363</marc:subfield>
      </marc:datafield>
      <marc:datafield tag="653" ind1=" " ind2=" ">
         <marc:subfield code="a">Hunt, H. L.</marc:subfield>
         <marc:subfield code="0">http://id.loc.gov/authorities/names/n88137511</marc:subfield>
      </marc:datafield>
      <marc:datafield tag="245" ind1="0" ind2="0">
         <marc:subfield code="a">NET journal. H.L. Hunt--the richest and the
         rightest.</marc:subfield>
         <marc:subfield code="b">KUHT, Houston ; for National Educational
         Television ; producer, William Weston ; director, James Bauer ; script by Arthur
         Lodge.</marc:subfield>
      </marc:datafield>
      <marc:datafield tag="246" ind1="3" ind2="3">
         <marc:subfield code="a">H.L. Hunt--the richest and the
         rightest.</marc:subfield>
      </marc:datafield>
      <marc:datafield tag="246" ind1="3" ind2="3">
         <marc:subfield code="a">The richest and the
         rightest.</marc:subfield>
      </marc:datafield>
      <marc:datafield tag="246" ind1="3" ind2="3">
         <marc:subfield code="a">[Haroldson LaFayette Hunt--the
         richest and the rightest].</marc:subfield>
      </marc:datafield>
      <marc:datafield tag="655" ind1=" " ind2="0">
         <marc:subfield code="a">Nonfiction television programs
         (lcgft)</marc:subfield>
         <marc:subfield code="0">http://id.loc.gov/authorities/genreForms/gf2011026425</marc:subfield>
      </marc:datafield>
      <marc:datafield tag="655" ind1=" " ind2="0">
         <marc:subfield code="a">Television interviews
         (lcgft)</marc:subfield>
         <marc:subfield code="0">http://id.loc.gov/authorities/genreForms/gf2011026662\n</marc:subfield>
      </marc:datafield>
   </marc:record>