
   <marc:record>
      <marc:leader>      am         3u     </marc:leader>
      <marc:datafield tag="042" ind1=" " ind2=" ">
         <marc:subfield code="a">dc</marc:subfield>
      </marc:datafield>
      <marc:datafield tag="720" ind1=" " ind2=" ">
         <marc:subfield code="a">National Educational Television and Radio Center</marc:subfield>
         <marc:subfield code="e">Broadcaster</marc:subfield>
         <marc:subfield code="0">http://id.loc.gov/authorities/names/n80050382</marc:subfield>
      </marc:datafield>
      <marc:datafield tag="720" ind1=" " ind2=" ">
         <marc:subfield code="a">British Broadcasting Corporation</marc:subfield>
         <marc:subfield code="e">Production Company</marc:subfield>
         <marc:subfield code="0">http://id.loc.gov/authorities/names/n79074359</marc:subfield>
      </marc:datafield>
      <marc:datafield tag="720" ind1=" " ind2=" ">
         <marc:subfield code="a">Weston, William</marc:subfield>
         <marc:subfield code="e">Producer</marc:subfield>
      </marc:datafield>
      <marc:datafield tag="260" ind1=" " ind2=" ">
         <marc:subfield code="c">1966</marc:subfield>
      </marc:datafield>
      <marc:datafield tag="260" ind1=" " ind2=" ">
         <marc:subfield code="c">1966-11-14</marc:subfield>
      </marc:datafield>
      <marc:datafield tag="520" ind1=" " ind2=" ">
         <marc:subfield code="a">From NET microfiche: Program Description: In this program, filmed at the
         Massachusetts Institute of Technology in Cambridge, the BBC takes a highly critical look at
         America's foremost engineering school. It includes interviews with students, who describe
         the pressures and impersonality of MIT, a school that they "respect" rather than "love," a
         kind of "machine," they maintain, where there is "an amazing amount of work, and an amazing
         amount of competition." One student charges: "They pound math and science into your head
         six or seven hours a day. They don't care how much emotion, how much creativity you have
         left." Another says simply "Tech is hell." But BBC admits that the school succeeds in its
         aims: two-thirds of MIT students go on to graduate school, thus preserving the "vitality of
         American science"; its involvement with military projects has become big business; and its
         prestige has drawn hundreds of electronics firms to the Boston area. Yet, says the BBC, the
         school has "a sense of urgency, rather than a sense of history ... It runs on freedom,
         wealth, and overwork. Beyond that, the only pattern is that there is no pattern." Implicit
         in these statements is a critical view of American science which, the BBC feels, may outrun
         itself in its race for progress. Commentator Derek Cooper remarks: "For the engineer, the
         biggest problem is what people need" - while a mlange of neon signs appears on the screen,
         and a babble of disc jockeys is heard. The symbol of this world is the computer which can
         even make music. In fact, says the narrator, "MIT seems to be drowning in a sea of
         computers." Even the students' pastimes are described in hectic terms: dancing
         frenetically, going through and ROTC drill, using the student ration station. The latter is
         a refreshingly giddy interlude.</marc:subfield>
      </marc:datafield>
      <marc:datafield tag="337" ind1=" " ind2=" ">
         <marc:subfield code="a">Moving Image</marc:subfield>
         <marc:subfield code="2">MAVIS media type controlled vocabulary</marc:subfield>
      </marc:datafield>
      <marc:datafield tag="024" ind1="8" ind2=" ">
         <marc:subfield code="a">2411262</marc:subfield>
         <marc:subfield code="2">MAVIS Title Number</marc:subfield>
      </marc:datafield>
      <marc:datafield tag="024" ind1="8" ind2=" ">
         <marc:subfield code="a">NJHT</marc:subfield>
         <marc:subfield code="2">NET/PBS NOLA</marc:subfield>
      </marc:datafield>
      <marc:datafield tag="024" ind1="8" ind2=" ">
         <marc:subfield code="a">0</marc:subfield>
         <marc:subfield code="2">NET/PBS number</marc:subfield>
      </marc:datafield>
      <marc:datafield tag="546" ind1=" " ind2=" ">
         <marc:subfield code="a">English</marc:subfield>
      </marc:datafield>
      <marc:datafield tag="653" ind1=" " ind2=" ">
         <marc:subfield code="a">Universities and colleges--United
         States</marc:subfield>
         <marc:subfield code="0">http://id.loc.gov/authorities/subjects/sh85141149</marc:subfield>
      </marc:datafield>
      <marc:datafield tag="653" ind1=" " ind2=" ">
         <marc:subfield code="a">Science--Study and teaching</marc:subfield>
         <marc:subfield code="0">http://id.loc.gov/authorities/subjects/sh85118587</marc:subfield>
      </marc:datafield>
      <marc:datafield tag="653" ind1=" " ind2=" ">
         <marc:subfield code="a">College students--Mental
         health</marc:subfield>
         <marc:subfield code="0">http://id.loc.gov/authorities/subjects/sh2009120677</marc:subfield>
      </marc:datafield>
      <marc:datafield tag="653" ind1=" " ind2=" ">
         <marc:subfield code="a">Education, Higher</marc:subfield>
         <marc:subfield code="0">http://id.loc.gov/authorities/subjects/sh85041065</marc:subfield>
      </marc:datafield>
      <marc:datafield tag="653" ind1=" " ind2=" ">
         <marc:subfield code="a">Massachusetts Institute Of
         Technology</marc:subfield>
         <marc:subfield code="0">http://id.loc.gov/authorities/names/n79006591</marc:subfield>
      </marc:datafield>
      <marc:datafield tag="245" ind1="0" ind2="0">
         <marc:subfield code="a">NET journal. How to be first.</marc:subfield>
         <marc:subfield code="b">produced by BBC-TV, England ; a presentation
         of National Educational Television ; NET producer, William Weston.</marc:subfield>
      </marc:datafield>
      <marc:datafield tag="246" ind1="3" ind2="3">
         <marc:subfield code="a">How to be first.</marc:subfield>
      </marc:datafield>
      <marc:datafield tag="655" ind1=" " ind2="0">
         <marc:subfield code="a">Documentary television programs
         (lcgft)</marc:subfield>
         <marc:subfield code="0">http://id.loc.gov/authorities/genreForms/gf2011026207</marc:subfield>
      </marc:datafield>
      <marc:datafield tag="655" ind1=" " ind2="0">
         <marc:subfield code="a">Nonfiction television programs
         (lcgft)</marc:subfield>
         <marc:subfield code="0">http://id.loc.gov/authorities/genreForms/gf2011026425</marc:subfield>
      </marc:datafield>
   </marc:record>