
   <marc:record>
      <marc:leader>      am         3u     </marc:leader>
      <marc:datafield tag="042" ind1=" " ind2=" ">
         <marc:subfield code="a">dc</marc:subfield>
      </marc:datafield>
      <marc:datafield tag="720" ind1=" " ind2=" ">
         <marc:subfield code="a">National Educational Television and Radio Center</marc:subfield>
         <marc:subfield code="e">Broadcaster</marc:subfield>
         <marc:subfield code="0">http://id.loc.gov/authorities/names/n80050382</marc:subfield>
      </marc:datafield>
      <marc:datafield tag="720" ind1=" " ind2=" ">
         <marc:subfield code="a">Douglas, William O.</marc:subfield>
         <marc:subfield code="e">Interviewee</marc:subfield>
         <marc:subfield code="0">http://id.loc.gov/authorities/names/n79041741</marc:subfield>
      </marc:datafield>
      <marc:datafield tag="720" ind1=" " ind2=" ">
         <marc:subfield code="a">National Educational Television and Radio Center</marc:subfield>
         <marc:subfield code="e">Production Company</marc:subfield>
         <marc:subfield code="0">http://id.loc.gov/authorities/names/n80050382</marc:subfield>
      </marc:datafield>
      <marc:datafield tag="720" ind1=" " ind2=" ">
         <marc:subfield code="a">Silverstein, Morton</marc:subfield>
         <marc:subfield code="e">Producer</marc:subfield>
      </marc:datafield>
      <marc:datafield tag="720" ind1=" " ind2=" ">
         <marc:subfield code="a">Silverstein, Morton</marc:subfield>
         <marc:subfield code="e">Writer</marc:subfield>
      </marc:datafield>
      <marc:datafield tag="260" ind1=" " ind2=" ">
         <marc:subfield code="c">1967-10-16</marc:subfield>
      </marc:datafield>
      <marc:datafield tag="260" ind1=" " ind2=" ">
         <marc:subfield code="c">1968</marc:subfield>
      </marc:datafield>
      <marc:datafield tag="520" ind1=" " ind2=" ">
         <marc:subfield code="a">"NET DOCUMENTARY 64: NET JOURNAL: "Justice and the Poor" surveys criminal
         justice system and its structural shortcomings 20-9D"--J. Fred MacDonald inventory. "The
         legal double standard---the gap between justice for the wealthy and the poor. Supreme Court
         Justice William O. Douglas is interviewed in this 1968 report. "--Tvguide.com From NET
         microfiche: Program Description: For the poor, "justice" too often means arbitrary, even
         brutal, treatment by the police; long periods of detention as a result of an inequitable
         bail system; and lawyers who are less qualified or less involved than those who represent
         wealthy clients. These are the findings of NET's "Justice and the Poor," an hour-long
         report on inequities - and reforms - in the justice system. The first portion of the
         program is devoted to the issue that has resounded through the summer riots - police
         brutality. In Washington, DC, a Negro boy recreates the killing of a friend, Clarence
         Booker, after a policeman had apprehended him in the act of stealing cookies. In a New York
         City youth house, other boys describe their experience with the police. The behavior of
         police during the Newark riots is shown in a film sequence, following which the police
         commissioner of Oakland, California, argues that there has "not been one proven case of
         police brutality," and, quite the contrary, in Oakland, one out of three police officers
         has been assaulted in the line of duty. In Palo Alto, California, NET visits a meeting at
         which the police and youths discuss attitudes and conditions. Lt. Moran of the Palo Alto
         police force explains that by establishing trust, the officer may eliminate a potential
         riot. The next section of the film, devoted to the bail system, depicts detention
         facilities in both New York and Columbus, Ohio, and presents opinions from attorneys, a
         prison priest, and other legal authorities. Herbert Sturz of the VERA Foundation notes that
         many poor people, for whom the smallest bail outlay is impossible, "spend more time in jail
         before trial than after." Prior to the trial, says Sturz, "their crime is that they're
         poor." Unfortunately, according to Bernard Botein, head of the New York Appellate Court,
         the system remains unchanged because "judges sit on their status quo." Under the leadership
         of VERA, some bail reforms have been instituted in New York City. Many youths are freed
         from detention without bail after promising to report regularly to a minister or other
         temporary guardian. New York Department of Correction Commissioner McGrath notes that
         "we'll always need some kind of detention facility" for "individuals who are a menace to
         the community," but "we should have more natural facilities - not these monkey cages." NET
         then hears form Supreme Court Judge William O. Douglas who observes that "many of the laws
         have a built-in bias against the poor," since the "establishment writes the laws" and "the
         poor aren't articulate" to their legal needs. The poor, however, are getting some
         assistance from anti-poverty groups - such as Mobilization for Youth, which has a roving
         truck advising New York City residents of their legal rights. MFY is also working with slum
         area tenants who are now entitled to take over their dwellings for the purpose of making
         repairs not provided by the landlord. In Houston, all lawyers are available to the poor
         thorugh an IBM system which designates the counsel for a given case. Other projects seen in
         the film include the Ombudsman in Nassau County, New York; the Public Defender System in
         Philadelphia (NET actually goes inside the courtroom here to film a policeman's testimony);
         and the Lower East Side Action Project, which oversees the activities of local youths and
         is often successful in gaining their release from jail. NET JOURNAL - JUSTICE AND THE POOR
         is a production of National Educational Television, produced and written by Morton
         Silverstein. Executive producer: A. H. Perlmutter. ?</marc:subfield>
      </marc:datafield>
      <marc:datafield tag="337" ind1=" " ind2=" ">
         <marc:subfield code="a">Moving Image</marc:subfield>
         <marc:subfield code="2">MAVIS media type controlled vocabulary</marc:subfield>
      </marc:datafield>
      <marc:datafield tag="024" ind1="8" ind2=" ">
         <marc:subfield code="a">2005099</marc:subfield>
         <marc:subfield code="2">MAVIS Title Number</marc:subfield>
      </marc:datafield>
      <marc:datafield tag="546" ind1=" " ind2=" ">
         <marc:subfield code="a">English</marc:subfield>
      </marc:datafield>
      <marc:datafield tag="653" ind1=" " ind2=" ">
         <marc:subfield code="a">Justice</marc:subfield>
         <marc:subfield code="0">http://id.loc.gov/authorities/subjects/sh85071118</marc:subfield>
      </marc:datafield>
      <marc:datafield tag="653" ind1=" " ind2=" ">
         <marc:subfield code="a">Police brutality</marc:subfield>
         <marc:subfield code="0">http://id.loc.gov/authorities/subjects/sh95010616</marc:subfield>
      </marc:datafield>
      <marc:datafield tag="653" ind1=" " ind2=" ">
         <marc:subfield code="a">Bail</marc:subfield>
         <marc:subfield code="0">http://id.loc.gov/authorities/subjects/sh85011021</marc:subfield>
      </marc:datafield>
      <marc:datafield tag="653" ind1=" " ind2=" ">
         <marc:subfield code="a">Poor</marc:subfield>
         <marc:subfield code="0">http://id.loc.gov/authorities/subjects/sh85104834</marc:subfield>
      </marc:datafield>
      <marc:datafield tag="245" ind1="0" ind2="0">
         <marc:subfield code="a">NET journal. Justice and the poor.</marc:subfield>
         <marc:subfield code="b">a production of National Educational
         Television ; producer-writer, Morton Silverstein ; executive producer, A. J.
         Perlmutter.</marc:subfield>
      </marc:datafield>
      <marc:datafield tag="246" ind1="3" ind2="3">
         <marc:subfield code="a">Justice and the poor.</marc:subfield>
      </marc:datafield>
      <marc:datafield tag="246" ind1="3" ind2="3">
         <marc:subfield code="a">NET journal. [1967-10-16]. Justice and the
         poor.</marc:subfield>
      </marc:datafield>
      <marc:datafield tag="655" ind1=" " ind2="0">
         <marc:subfield code="a">Documentary television programs
         (lcgft)</marc:subfield>
         <marc:subfield code="0">http://id.loc.gov/authorities/genreForms/gf2011026207</marc:subfield>
      </marc:datafield>
      <marc:datafield tag="655" ind1=" " ind2="0">
         <marc:subfield code="a">Nonfiction television programs
         (lcgft)</marc:subfield>
         <marc:subfield code="0">http://id.loc.gov/authorities/genreForms/gf2011026425</marc:subfield>
      </marc:datafield>
      <marc:datafield tag="655" ind1=" " ind2="0">
         <marc:subfield code="a">Public affairs television programs
         (lcgft)</marc:subfield>
         <marc:subfield code="0">http://id.loc.gov/authorities/genreForms/gf2011026476</marc:subfield>
      </marc:datafield>
   </marc:record>