
   <marc:record>
      <marc:leader>      am         3u     </marc:leader>
      <marc:datafield tag="042" ind1=" " ind2=" ">
         <marc:subfield code="a">dc</marc:subfield>
      </marc:datafield>
      <marc:datafield tag="720" ind1=" " ind2=" ">
         <marc:subfield code="a">National Educational Television and Radio Center</marc:subfield>
         <marc:subfield code="e">Broadcaster</marc:subfield>
         <marc:subfield code="0">http://id.loc.gov/authorities/names/n80050382</marc:subfield>
      </marc:datafield>
      <marc:datafield tag="720" ind1=" " ind2=" ">
         <marc:subfield code="a">National
         Educational Television and Radio Center</marc:subfield>
         <marc:subfield code="e">Presenter</marc:subfield>
         <marc:subfield code="0">http://id.loc.gov/authorities/names/n80050382</marc:subfield>
      </marc:datafield>
      <marc:datafield tag="720" ind1=" " ind2=" ">
         <marc:subfield code="a">Whicker,
         Alan</marc:subfield>
         <marc:subfield code="e">Reporter</marc:subfield>
         <marc:subfield code="0">http://id.loc.gov/authorities/names/n82124485</marc:subfield>
      </marc:datafield>
      <marc:datafield tag="720" ind1=" " ind2=" ">
         <marc:subfield code="a">British Broadcasting Corporation</marc:subfield>
         <marc:subfield code="e">Production Company</marc:subfield>
         <marc:subfield code="0">http://id.loc.gov/authorities/names/n79074359</marc:subfield>
      </marc:datafield>
      <marc:datafield tag="720" ind1=" " ind2=" ">
         <marc:subfield code="a">Weston, William</marc:subfield>
         <marc:subfield code="e">Producer</marc:subfield>
      </marc:datafield>
      <marc:datafield tag="260" ind1=" " ind2=" ">
         <marc:subfield code="c">1968-6-24</marc:subfield>
      </marc:datafield>
      <marc:datafield tag="520" ind1=" " ind2=" ">
         <marc:subfield code="a">From NET microfiche, file K: Program Description: BBC reporter Alan Whicker
         visits the oil-rich country of Kuwait on the Arabian Peninsula, where 500 air-conditioned
         palaces stretch across the desert and the ruling sheikh must ask for his country "How do
         you spend 600,000 pounds a day?" The answer, Whicker finds, is in an "ultimate welfare
         state," where school children are even provided with free pocket money, and where their
         families pay no taxes, and are accorded free health services, and even free telephones.
         With the exception of the Bedouins, hereditary nomads who still live in the inhospitable
         desert, everyone has some share in Kuwait's gushing wealth. The modernizing of Kuwait has
         been achieved since the government paid exorbitant prices for old dwellings and replaced
         them with the sort of "pink, mauve, and blue space-age monsters" that stretch across a new
         suburbia. Whicker questions whether the sudden infusion of wealth is good for the Kuwaiti
         people, who have absorbed the wealth derived from oil, but who have been forced to import
         technicians and laborers in order to keep the country moving forward. Basically, he
         contends, Kuwait is an idle society, "floating on an ocean of oil." (Its fields are the
         source of fuel for two of every three cars in Britain alone, and its investments are vital
         to the stability of the British pound, according to Whicker.) Despite this sybaritic
         atmosphere, Kuwait has recently prohibited the sale of liquor, a fact that distresses
         cabaret owners and increases bootlegging multifold. In a country with a thousand
         millionaires among a population of 450,000, Whicker notes opulence everywhere. He conducts
         interviews with some of the wealthy sheiks, the rich young men of Kuwait, an economic
         advisor, and a British widow who compares the two Kuwait's - before and after the discovery
         of oil at the end of World War II.</marc:subfield>
      </marc:datafield>
      <marc:datafield tag="337" ind1=" " ind2=" ">
         <marc:subfield code="a">Moving Image</marc:subfield>
         <marc:subfield code="2">MAVIS media type controlled vocabulary</marc:subfield>
      </marc:datafield>
      <marc:datafield tag="024" ind1="8" ind2=" ">
         <marc:subfield code="a">2446875</marc:subfield>
         <marc:subfield code="2">MAVIS Title Number</marc:subfield>
      </marc:datafield>
      <marc:datafield tag="024" ind1="8" ind2=" ">
         <marc:subfield code="a">NJKE</marc:subfield>
         <marc:subfield code="2">NET/PBS NOLA</marc:subfield>
      </marc:datafield>
      <marc:datafield tag="024" ind1="8" ind2=" ">
         <marc:subfield code="a">0</marc:subfield>
         <marc:subfield code="2">NET/PBS number</marc:subfield>
      </marc:datafield>
      <marc:datafield tag="546" ind1=" " ind2=" ">
         <marc:subfield code="a">English</marc:subfield>
      </marc:datafield>
      <marc:datafield tag="653" ind1=" " ind2=" ">
         <marc:subfield code="a">Kuwait--Economic conditions</marc:subfield>
         <marc:subfield code="0">http://id.loc.gov/authorities/subjects/sh91002332</marc:subfield>
      </marc:datafield>
      <marc:datafield tag="653" ind1=" " ind2=" ">
         <marc:subfield code="a">Petroleum industry and trade</marc:subfield>
         <marc:subfield code="0">http://id.loc.gov/authorities/subjects/sh85100430</marc:subfield>
      </marc:datafield>
      <marc:datafield tag="653" ind1=" " ind2=" ">
         <marc:subfield code="a">Kuwait</marc:subfield>
         <marc:subfield code="0">http://id.loc.gov/authorities/names/n80053139</marc:subfield>
      </marc:datafield>
      <marc:datafield tag="245" ind1="0" ind2="0">
         <marc:subfield code="a">NET journal. Kuwait.</marc:subfield>
         <marc:subfield code="b">produced by the British Broadcasting
         Corporation ; a presentation of NET ; producer-director, David S. Rea ; NET producer,
         William Weston.</marc:subfield>
      </marc:datafield>
      <marc:datafield tag="246" ind1="3" ind2="3">
         <marc:subfield code="a">Kuwait.</marc:subfield>
      </marc:datafield>
      <marc:datafield tag="655" ind1=" " ind2="0">
         <marc:subfield code="a">Documentary television programs
         (lcgft)</marc:subfield>
         <marc:subfield code="0">http://id.loc.gov/authorities/genreForms/gf2011026207</marc:subfield>
      </marc:datafield>
      <marc:datafield tag="655" ind1=" " ind2="0">
         <marc:subfield code="a">Nonfiction television programs
         (lcgft)</marc:subfield>
         <marc:subfield code="0">http://id.loc.gov/authorities/genreForms/gf2011026425</marc:subfield>
      </marc:datafield>
      <marc:datafield tag="655" ind1=" " ind2="0">
         <marc:subfield code="a">Public affairs television programs
         (lcgft)</marc:subfield>
         <marc:subfield code="0">http://id.loc.gov/authorities/genreForms/gf2011026476</marc:subfield>
      </marc:datafield>
   </marc:record>