
   <marc:record>
      <marc:leader>      am         3u     </marc:leader>
      <marc:datafield tag="042" ind1=" " ind2=" ">
         <marc:subfield code="a">dc</marc:subfield>
      </marc:datafield>
      <marc:datafield tag="720" ind1=" " ind2=" ">
         <marc:subfield code="a">National Educational Television and Radio Center</marc:subfield>
         <marc:subfield code="e">Broadcaster</marc:subfield>
         <marc:subfield code="0">http://id.loc.gov/authorities/names/n80050382</marc:subfield>
      </marc:datafield>
      <marc:datafield tag="720" ind1=" " ind2=" ">
         <marc:subfield code="a">National Educational Television and Radio Center</marc:subfield>
         <marc:subfield code="e">Production Company</marc:subfield>
         <marc:subfield code="0">http://id.loc.gov/authorities/names/n80050382</marc:subfield>
      </marc:datafield>
      <marc:datafield tag="720" ind1=" " ind2=" ">
         <marc:subfield code="a">Kaufman, Paul</marc:subfield>
         <marc:subfield code="e">Executive Producer</marc:subfield>
      </marc:datafield>
      <marc:datafield tag="260" ind1=" " ind2=" ">
         <marc:subfield code="c">1969-10-13</marc:subfield>
      </marc:datafield>
      <marc:datafield tag="260" ind1=" " ind2=" ">
         <marc:subfield code="c">1970-7-20</marc:subfield>
      </marc:datafield>
      <marc:datafield tag="520" ind1=" " ind2=" ">
         <marc:subfield code="a">From NET microfiche, file L: Members of today's student generation, subject of
         constant analysis by the nation's media, depict their own lives in this unique film. The
         setting is the University of California at Berkeley, where the Free Speech Movement began
         in 1964, and where frequent demonstrations have since convulsed the campus. But the
         emphasis in this documentary is not political but personal - despite the People's Park War
         which rages during the action of the film. The students on whom the film focuses are
         themselves involved in the production of the film, and accordingly, they are seen with
         cameras, tape recorder, and editing equipment at they seek to "Heighten the experience of
         what goes on at Berkeley." Each of the students was a member of a class in broadcasting and
         political thought which was taught by Paul Kaufman, NET executive producer on leave to the
         university. It was during this class that he students challenged media coverage of their
         generation and were given the opportunity by NET to shape their own experience on film.
         Within the film, students probe the gap between themselves and their parents, the quest for
         a more private existence, black-white relationships, and politics and the police. The
         extra-marital relationship of Irl and Cindy, a pair of Berkeley seniors, is featured in the
         documentary. Their lives involve a quest for freedom within an equal relationship which
         shuns the rigidity of marriage. Finally, in a reaction against their environment they
         consider an unimpeded life in the woods. Cindy remarks: "Ecology is the key answer. People
         aren't going to accept politics anymore." Charles, another of the principals, finds himself
         turning from revolution and seeking to "lose my identity." This state is probed during a
         psychedelic dream, in which Charles goes backwards through the "tunnel of time." But even
         in the dream there are images of riots and the antagonistic faces of National Guardsmen;
         thus, the fantasy world merges into the real world. The gap between students and their
         parents is also probed as Ava is seen filming her parents in San Francisco. "The Ava they
         know isn't me," she notes, explaining that they want her to marry a nice doctor and are
         unable to identify with her own interests. Sam, a black Nigerian who has lived in Georgia
         and California, argues against violence, citing the "lessons of history." Sam also
         discusses his earlier life in Georgia and his relationships with white girls. "I'm through
         with a propaganda crusading trip, trying to prove the humanity of the black man," he
         explains, recalling girls who sought to make him acceptable to their parents. He notes that
         his present involvements with white girls avoid any such patronizing attitudes. Dave, a
         sixth protagonist, is seen in relation to the People's Park War, as he seeks to define his
         own political stance - especially after he goes to Santa Rita detention center and
         interviews students who have been beaten by police.</marc:subfield>
      </marc:datafield>
      <marc:datafield tag="337" ind1=" " ind2=" ">
         <marc:subfield code="a">Moving Image</marc:subfield>
         <marc:subfield code="2">MAVIS media type controlled vocabulary</marc:subfield>
      </marc:datafield>
      <marc:datafield tag="024" ind1="8" ind2=" ">
         <marc:subfield code="a">2342187</marc:subfield>
         <marc:subfield code="2">MAVIS Title Number</marc:subfield>
      </marc:datafield>
      <marc:datafield tag="024" ind1="8" ind2=" ">
         <marc:subfield code="a">NJLS</marc:subfield>
         <marc:subfield code="2">NET/PBS NOLA</marc:subfield>
      </marc:datafield>
      <marc:datafield tag="024" ind1="8" ind2=" ">
         <marc:subfield code="a">0</marc:subfield>
         <marc:subfield code="2">NET/PBS number</marc:subfield>
      </marc:datafield>
      <marc:datafield tag="024" ind1="8" ind2=" ">
         <marc:subfield code="a">251?</marc:subfield>
         <marc:subfield code="2">NET/PBS number</marc:subfield>
      </marc:datafield>
      <marc:datafield tag="024" ind1="8" ind2=" ">
         <marc:subfield code="a">282?</marc:subfield>
         <marc:subfield code="2">NET/PBS number</marc:subfield>
      </marc:datafield>
      <marc:datafield tag="546" ind1=" " ind2=" ">
         <marc:subfield code="a">English</marc:subfield>
      </marc:datafield>
      <marc:datafield tag="653" ind1=" " ind2=" ">
         <marc:subfield code="a">Student movements</marc:subfield>
         <marc:subfield code="0">http://id.loc.gov/authorities/subjects/sh85129276</marc:subfield>
      </marc:datafield>
      <marc:datafield tag="653" ind1=" " ind2=" ">
         <marc:subfield code="a">Baby boom generation--United
         States</marc:subfield>
         <marc:subfield code="0">http://id.loc.gov/authorities/subjects/sh2007101772</marc:subfield>
      </marc:datafield>
      <marc:datafield tag="653" ind1=" " ind2=" ">
         <marc:subfield code="a">People's Park (Berkeley,
         Calif.)</marc:subfield>
         <marc:subfield code="0">http://id.loc.gov/authorities/subjects/sh2013003386</marc:subfield>
      </marc:datafield>
      <marc:datafield tag="653" ind1=" " ind2=" ">
         <marc:subfield code="a">Counterculture</marc:subfield>
         <marc:subfield code="0">http://id.loc.gov/authorities/subjects/sh00002005</marc:subfield>
      </marc:datafield>
      <marc:datafield tag="653" ind1=" " ind2=" ">
         <marc:subfield code="a">University of California,
         Berkeley</marc:subfield>
         <marc:subfield code="0">http://id.loc.gov/authorities/names/n79046084</marc:subfield>
      </marc:datafield>
      <marc:datafield tag="245" ind1="0" ind2="0">
         <marc:subfield code="a">NET journal. Life style.</marc:subfield>
         <marc:subfield code="b">NET ; executive producer, Paul
         Kaufman.</marc:subfield>
      </marc:datafield>
      <marc:datafield tag="246" ind1="3" ind2="3">
         <marc:subfield code="a">Life style.</marc:subfield>
      </marc:datafield>
      <marc:datafield tag="246" ind1="3" ind2="3">
         <marc:subfield code="a">NET journal
         #251--Life style.</marc:subfield>
      </marc:datafield>
      <marc:datafield tag="246" ind1="3" ind2="3">
         <marc:subfield code="a">NET journal. [No. 282], Liife style.</marc:subfield>
      </marc:datafield>
      <marc:datafield tag="246" ind1="3" ind2="3">
         <marc:subfield code="a">NET journal. [251], Life style.</marc:subfield>
      </marc:datafield>
      <marc:datafield tag="655" ind1=" " ind2="0">
         <marc:subfield code="a">Documentary television programs
         (lcgft)</marc:subfield>
         <marc:subfield code="0">http://id.loc.gov/authorities/genreForms/gf2011026207</marc:subfield>
      </marc:datafield>
      <marc:datafield tag="655" ind1=" " ind2="0">
         <marc:subfield code="a">Nonfiction television programs
         (lcgft)</marc:subfield>
         <marc:subfield code="0">http://id.loc.gov/authorities/genreForms/gf2011026425</marc:subfield>
      </marc:datafield>
   </marc:record>