
   <marc:record>
      <marc:leader>      am         3u     </marc:leader>
      <marc:datafield tag="042" ind1=" " ind2=" ">
         <marc:subfield code="a">dc</marc:subfield>
      </marc:datafield>
      <marc:datafield tag="720" ind1=" " ind2=" ">
         <marc:subfield code="a">National Educational Television and Radio Center</marc:subfield>
         <marc:subfield code="e">Broadcaster</marc:subfield>
         <marc:subfield code="0">http://id.loc.gov/authorities/names/n80050382</marc:subfield>
      </marc:datafield>
      <marc:datafield tag="720" ind1=" " ind2=" ">
         <marc:subfield code="a">National
         Educational Television and Radio Center</marc:subfield>
         <marc:subfield code="e">Presenter</marc:subfield>
         <marc:subfield code="0">http://id.loc.gov/authorities/names/n80050382</marc:subfield>
      </marc:datafield>
      <marc:datafield tag="720" ind1=" " ind2=" ">
         <marc:subfield code="a">Cowell,
         Adrian</marc:subfield>
         <marc:subfield code="e">Narrator</marc:subfield>
         <marc:subfield code="0">http://id.loc.gov/authorities/names/n90672889</marc:subfield>
      </marc:datafield>
      <marc:datafield tag="720" ind1=" " ind2=" ">
         <marc:subfield code="a">Associated Television (Firm)</marc:subfield>
         <marc:subfield code="e">Production Company</marc:subfield>
         <marc:subfield code="0">http://id.loc.gov/authorities/names/nb2008009341</marc:subfield>
      </marc:datafield>
      <marc:datafield tag="720" ind1=" " ind2=" ">
         <marc:subfield code="a">Cowell,
         Adrian</marc:subfield>
         <marc:subfield code="e">Director</marc:subfield>
         <marc:subfield code="0">http://id.loc.gov/authorities/names/n90672889</marc:subfield>
      </marc:datafield>
      <marc:datafield tag="720" ind1=" " ind2=" ">
         <marc:subfield code="a">Weston, William</marc:subfield>
         <marc:subfield code="e">Producer</marc:subfield>
      </marc:datafield>
      <marc:datafield tag="260" ind1=" " ind2=" ">
         <marc:subfield code="c">1967-9-25</marc:subfield>
      </marc:datafield>
      <marc:datafield tag="520" ind1=" " ind2=" ">
         <marc:subfield code="a">From NET microfiche, file L: This program is a three-sided study of Buddhism
         in Asia, conducted by Adrian Cowell of ATV, London. Buddhism, one of the world's great
         religions with an estimated 150 million adherents, is centered in the Asian culture,
         following the teachings of its original prophet, Gautama Buddha. In the main, these
         teachings involve an intense meditation through which the believer destroys the idea of
         self and, as Cowell notes, "his mind merges with the life principle of the universe." This
         selflessness is demonstrated through the daily ritual of a farmer in Thailand, meditating
         in the hour before dawn, engaging in a conscious act of eating his rice, and talking to the
         trees as he drives off to till his filed. The film then depicts the more festive aspects of
         Theravada Buddhism: a "fare from peaceful" water festival, a "meaningless but harmless"
         ritual of presenting gifts to the Buddha as a form of spiritual savings club," and a
         ceremony of pouring water on the Buddha. The next segment studies Tibetan Buddhism, a
         religion in exile since the Chinese Communists overthrew the Dalai Lama in 1959. Here,
         Buddhism is centered in the bodhisattvas, or monks, who appease the suffering of mankind by
         their good deeds, it is a passive religion, epitomized by the great bodhisattva, the Dalai
         Lama. However, the film questions whether this religion is "an asset or hindrance to
         government" since it can only survive in isolated valleys when faced with a concrete threat
         such as communism. The segment contains film clips of the Chinese Communist attack on the
         monasteries of Tibet and on the exiled Dalai Lama leading the faithful in Nepal. The third
         segment reveals a totally different kind of Buddhist - the Sokagakkai of Japan, followers
         of the thirteenth-century disciple Nichiren. A religion that "sprang from the docks and
         factories of Tokyo," Sokagakkai has become a political force in Japan, rallying its
         fanatical believers through such materialistic beliefs as the promise that "faith can cure
         your ulcer and get you a promotion." The Gakkai are seen on a pilgrimage to Mount Fuji at a
         Tokyo rally where Cowell remarks that "religious fervor can carry "What could the Gakkai do
         if they were to organize Japan the way they organize themselves?</marc:subfield>
      </marc:datafield>
      <marc:datafield tag="337" ind1=" " ind2=" ">
         <marc:subfield code="a">Moving Image</marc:subfield>
         <marc:subfield code="2">MAVIS media type controlled vocabulary</marc:subfield>
      </marc:datafield>
      <marc:datafield tag="024" ind1="8" ind2=" ">
         <marc:subfield code="a">2447094</marc:subfield>
         <marc:subfield code="2">MAVIS Title Number</marc:subfield>
      </marc:datafield>
      <marc:datafield tag="024" ind1="8" ind2=" ">
         <marc:subfield code="a">NJLA</marc:subfield>
         <marc:subfield code="2">NET/PBS NOLA</marc:subfield>
      </marc:datafield>
      <marc:datafield tag="024" ind1="8" ind2=" ">
         <marc:subfield code="a">0</marc:subfield>
         <marc:subfield code="2">NET/PBS number</marc:subfield>
      </marc:datafield>
      <marc:datafield tag="546" ind1=" " ind2=" ">
         <marc:subfield code="a">English</marc:subfield>
      </marc:datafield>
      <marc:datafield tag="653" ind1=" " ind2=" ">
         <marc:subfield code="a">Buddhism</marc:subfield>
         <marc:subfield code="0">http://id.loc.gov/authorities/subjects/sh85017454</marc:subfield>
      </marc:datafield>
      <marc:datafield tag="653" ind1=" " ind2=" ">
         <marc:subfield code="a">Buddhism--China--Tibet Autonomous
         Region</marc:subfield>
         <marc:subfield code="0">http://id.loc.gov/authorities/subjects/sh90000771</marc:subfield>
      </marc:datafield>
      <marc:datafield tag="653" ind1=" " ind2=" ">
         <marc:subfield code="a"/>
      </marc:datafield>
      <marc:datafield tag="245" ind1="0" ind2="0">
         <marc:subfield code="a">NET journal. Light of Asia.</marc:subfield>
         <marc:subfield code="b">produced by ATV, London ; a presentation of
         National Educational Television ; director, Adrian Cowell ; NET producer, William
         Weston.</marc:subfield>
      </marc:datafield>
      <marc:datafield tag="246" ind1="3" ind2="3">
         <marc:subfield code="a">Light of Asia.</marc:subfield>
      </marc:datafield>
      <marc:datafield tag="655" ind1=" " ind2="0">
         <marc:subfield code="a">Documentary television programs
         (lcgft)</marc:subfield>
         <marc:subfield code="0">http://id.loc.gov/authorities/genreForms/gf2011026207</marc:subfield>
      </marc:datafield>
      <marc:datafield tag="655" ind1=" " ind2="0">
         <marc:subfield code="a">Nonfiction television programs
         (lcgft)</marc:subfield>
         <marc:subfield code="0">http://id.loc.gov/authorities/genreForms/gf2011026425</marc:subfield>
      </marc:datafield>
   </marc:record>