
   <marc:record>
      <marc:leader>      am         3u     </marc:leader>
      <marc:datafield tag="042" ind1=" " ind2=" ">
         <marc:subfield code="a">dc</marc:subfield>
      </marc:datafield>
      <marc:datafield tag="720" ind1=" " ind2=" ">
         <marc:subfield code="a">National Educational Television and Radio Center</marc:subfield>
         <marc:subfield code="e">Broadcaster</marc:subfield>
         <marc:subfield code="0">http://id.loc.gov/authorities/names/n80050382</marc:subfield>
      </marc:datafield>
      <marc:datafield tag="720" ind1=" " ind2=" ">
         <marc:subfield code="a">Leary,
         Timothy</marc:subfield>
         <marc:subfield code="e">Participant</marc:subfield>
         <marc:subfield code="0">http://id.loc.gov/authorities/names/no2007021189</marc:subfield>
      </marc:datafield>
      <marc:datafield tag="720" ind1=" " ind2=" ">
         <marc:subfield code="a">Lettvin, Jerome Y.</marc:subfield>
         <marc:subfield code="e">Participant</marc:subfield>
      </marc:datafield>
      <marc:datafield tag="720" ind1=" " ind2=" ">
         <marc:subfield code="a">Hoyt,
         Austin</marc:subfield>
         <marc:subfield code="e">Producer</marc:subfield>
         <marc:subfield code="0">http://id.loc.gov/authorities/names/no96056884</marc:subfield>
      </marc:datafield>
      <marc:datafield tag="720" ind1=" " ind2=" ">
         <marc:subfield code="a">WGBH (Television station : Boston, Mass.)</marc:subfield>
         <marc:subfield code="e">Production Company</marc:subfield>
         <marc:subfield code="0">http://id.loc.gov/authorities/names/n80089989</marc:subfield>
      </marc:datafield>
      <marc:datafield tag="260" ind1=" " ind2=" ">
         <marc:subfield code="c">1967-11-20</marc:subfield>
      </marc:datafield>
      <marc:datafield tag="520" ind1=" " ind2=" ">
         <marc:subfield code="a">From NET microfiche: On the campus of Massachusetts Institute of Technology in
         Cambridge, head guru Timothy Leary and MIT communications physiology professor Jerome
         Lettvin debate the psychological, physiological, and moral value of LSD. Leary, a former
         Harvard professor of psychology, has been experimenting with LSD and other psychedelic
         drugs for more than four years. He now brands himself as the leader of the League for
         Spiritual Discovery, appears in the attire of a mystic, and discourses from the Yoga
         position. Leary speaks in darkness and his presentation is given visual emphasis by a
         combination of films, which attempts to recreate the observer's view of a "trip' from the
         outside, and slides which attempt to anatomize the actual LSD experience from the inside.
         Leary's message, given a witty and compelling presentation while lights whirl and colors
         become contorted on the screen, is the familiar: "Drop out, turn on, and tune back in
         again." Leary describes "turning on" as the true sacrament, involving a change in the
         sensory equipment as practiced by prophets for thousands of years. In the past, sensory
         change has involved such means as flagellation, solitude, music, sexual abstinence, or
         fasting; today, "the sacrament is a series of chemicals  A sacrament is always a risk 
         What isn't?" Leary asks, calling LSD "the safest  Russian roulette in the house" -
         preferable to such "Russian roulettes" as "television waves, Vietnam, and polluted air."
         The ultimate challenge, says Leary, is "dropping out." Madison Avenue, he says, "tells you
         to tune in and turn on  but don't drop out." Leary calls on the college students to drop
         out on the current educational system, which "does damage to your neurological system," and
         on other "menopausal games," such as voting and work. "What difference does it make?" he
         asks. "Remember that peace candidate (Lyndon Johnson) we voted for?" Leary concludes, "This
         is the age of consciousness  Men have finally caught on - it doesn't matter as much what
         goes on out there as what goes on in here." "What goes on in here" is an irreparable "loss
         of judgment," according to Lettvin, who offers a dramatic rebuttal to Leary when he takes
         over the debater's podium. Lettvin, roaming around Leary's grinning cross-legged form,
         describes his adversary as "a vicious tool of the devil." The crisis, says Lettvin, is "not
         scientific but moral." Countering Leary's Russian roulette metaphor, Lettvin says, "Does
         the navel really replace TV?"</marc:subfield>
      </marc:datafield>
      <marc:datafield tag="337" ind1=" " ind2=" ">
         <marc:subfield code="a">Moving Image</marc:subfield>
         <marc:subfield code="2">MAVIS media type controlled vocabulary</marc:subfield>
      </marc:datafield>
      <marc:datafield tag="024" ind1="8" ind2=" ">
         <marc:subfield code="a">2413075</marc:subfield>
         <marc:subfield code="2">MAVIS Title Number</marc:subfield>
      </marc:datafield>
      <marc:datafield tag="024" ind1="8" ind2=" ">
         <marc:subfield code="a">NJLL</marc:subfield>
         <marc:subfield code="2">NET/PBS NOLA</marc:subfield>
      </marc:datafield>
      <marc:datafield tag="024" ind1="8" ind2=" ">
         <marc:subfield code="a">0</marc:subfield>
         <marc:subfield code="2">NET/PBS number</marc:subfield>
      </marc:datafield>
      <marc:datafield tag="024" ind1="8" ind2=" ">
         <marc:subfield code="a">PA-367</marc:subfield>
         <marc:subfield code="2">Undetermined</marc:subfield>
      </marc:datafield>
      <marc:datafield tag="024" ind1="8" ind2=" ">
         <marc:subfield code="a">PA-1-198</marc:subfield>
         <marc:subfield code="2">Undetermined</marc:subfield>
      </marc:datafield>
      <marc:datafield tag="546" ind1=" " ind2=" ">
         <marc:subfield code="a">English</marc:subfield>
      </marc:datafield>
      <marc:datafield tag="787" ind1="0" ind2=" ">
         <marc:subfield code="w">2151683</marc:subfield>
         <marc:subfield code="n">MAVIS id number</marc:subfield>
      </marc:datafield>
      <marc:datafield tag="653" ind1=" " ind2=" ">
         <marc:subfield code="a">LSD (Drug)</marc:subfield>
         <marc:subfield code="0">http://id.loc.gov/authorities/subjects/sh85079185</marc:subfield>
      </marc:datafield>
      <marc:datafield tag="245" ind1="0" ind2="0">
         <marc:subfield code="a">NET journal. LSD: Lettvin vs. Leary.</marc:subfield>
         <marc:subfield code="b">produced by WGBH-TV for National Educational
         Television ; producer, Austin Hoyt.</marc:subfield>
      </marc:datafield>
      <marc:datafield tag="246" ind1="3" ind2="3">
         <marc:subfield code="a">LSD: Lettvin vs. Leary.</marc:subfield>
      </marc:datafield>
      <marc:datafield tag="246" ind1="3" ind2="3">
         <marc:subfield code="a">Lettvin vs. Leary.</marc:subfield>
      </marc:datafield>
      <marc:datafield tag="246" ind1="3" ind2="3">
         <marc:subfield code="a">NET journal. [1967-11-20]. LSD: Lettvin vs.
         Leary.</marc:subfield>
      </marc:datafield>
      <marc:datafield tag="655" ind1=" " ind2="0">
         <marc:subfield code="a">Nonfiction television programs
         (lcgft)</marc:subfield>
         <marc:subfield code="0">http://id.loc.gov/authorities/genreForms/gf2011026425</marc:subfield>
      </marc:datafield>
      <marc:datafield tag="655" ind1=" " ind2="0">
         <marc:subfield code="a">Television debates (lcgft)</marc:subfield>
         <marc:subfield code="0">http://id.loc.gov/authorities/genreForms/gf2011026660\n</marc:subfield>
      </marc:datafield>
   </marc:record>