
   <marc:record>
      <marc:leader>      am         3u     </marc:leader>
      <marc:datafield tag="042" ind1=" " ind2=" ">
         <marc:subfield code="a">dc</marc:subfield>
      </marc:datafield>
      <marc:datafield tag="720" ind1=" " ind2=" ">
         <marc:subfield code="a">National Educational Television and Radio Center</marc:subfield>
         <marc:subfield code="e">Broadcaster</marc:subfield>
         <marc:subfield code="0">http://id.loc.gov/authorities/names/n80050382</marc:subfield>
      </marc:datafield>
      <marc:datafield tag="720" ind1=" " ind2=" ">
         <marc:subfield code="a">National
         Educational Television and Radio Center</marc:subfield>
         <marc:subfield code="e">Presenter</marc:subfield>
         <marc:subfield code="0">http://id.loc.gov/authorities/names/n80050382</marc:subfield>
      </marc:datafield>
      <marc:datafield tag="720" ind1=" " ind2=" ">
         <marc:subfield code="a">Kennedy,
         Ludovic</marc:subfield>
         <marc:subfield code="e">Narrator</marc:subfield>
         <marc:subfield code="0">http://id.loc.gov/authorities/names/n80040818</marc:subfield>
      </marc:datafield>
      <marc:datafield tag="720" ind1=" " ind2=" ">
         <marc:subfield code="a">Kennedy,
         Ludovic</marc:subfield>
         <marc:subfield code="e">Writer</marc:subfield>
         <marc:subfield code="0">http://id.loc.gov/authorities/names/n80040818</marc:subfield>
      </marc:datafield>
      <marc:datafield tag="720" ind1=" " ind2=" ">
         <marc:subfield code="a">Murray-Brown,
         Jeremy</marc:subfield>
         <marc:subfield code="e">Director</marc:subfield>
         <marc:subfield code="0">http://id.loc.gov/authorities/names/n79063632</marc:subfield>
      </marc:datafield>
      <marc:datafield tag="720" ind1=" " ind2=" ">
         <marc:subfield code="a">Rediffusion Television Ltd.</marc:subfield>
         <marc:subfield code="e">Production Company</marc:subfield>
         <marc:subfield code="0">http://id.loc.gov/authorities/names/nb2004308145</marc:subfield>
      </marc:datafield>
      <marc:datafield tag="720" ind1=" " ind2=" ">
         <marc:subfield code="a">Windlesham, David James George Hennessy</marc:subfield>
         <marc:subfield code="e">Executive Producer</marc:subfield>
         <marc:subfield code="0">http://id.loc.gov/authorities/names/n80139620</marc:subfield>
      </marc:datafield>
      <marc:datafield tag="260" ind1=" " ind2=" ">
         <marc:subfield code="c">1968-4-1</marc:subfield>
      </marc:datafield>
      <marc:datafield tag="520" ind1=" " ind2=" ">
         <marc:subfield code="a">From NET microfiche: This documentary focusses on the men working to combat
         cancer in England today. Made by Redifussion Television, Ltd., it observes them in their
         laboratory studies with mice, rats, beetles, computers and microscopes; at their weekly
         seminars, exchanging their findings on various aspects of cancer research; and in informal
         discussions of causes, symptoms, and occasional cures. The program investigates the work of
         Dr. Denis Burkitt, which has led to the conclusion that at least one cancer is
         virus-induced. It visits the Chester Beatty Research Institute of Sutton, where experiments
         in immunizing rats and sheep may lead to a cancer cure for humans. It also notes British
         research with other drugs that may help to cure some forms of cancer. Above all, the
         documentary is about the men who perform cancer research: their successes and failures,
         their hopes and the limitations imposed by this fatal disease. These doctors include Lazlo
         Lajtha, Peter Alexander, Robert Harris, Richard Bulbrook, and John Hayward. Cancer, which
         is responsible for one in every five deaths remains an overwhelming challenge to the
         medical researcher. However, the film notes considerable success in the fields of virology,
         chemotherapy, and immunology; it is on these facets that the film
         concentrates.</marc:subfield>
      </marc:datafield>
      <marc:datafield tag="024" ind1="8" ind2=" ">
         <marc:subfield code="a">2455932</marc:subfield>
         <marc:subfield code="2">MAVIS Title Number</marc:subfield>
      </marc:datafield>
      <marc:datafield tag="024" ind1="8" ind2=" ">
         <marc:subfield code="a">224 (NET microfiche)</marc:subfield>
         <marc:subfield code="2">NET/PBS number</marc:subfield>
      </marc:datafield>
      <marc:datafield tag="653" ind1=" " ind2=" ">
         <marc:subfield code="a">Cancer--Research</marc:subfield>
         <marc:subfield code="0">http://id.loc.gov/authorities/subjects/sh85019539</marc:subfield>
      </marc:datafield>
      <marc:datafield tag="245" ind1="0" ind2="0">
         <marc:subfield code="a">NET journal. Men against cancer.</marc:subfield>
         <marc:subfield code="b">produced by Rediffusion Television, Ltd ; a
         presentation of National Educational Television ; executive producer, David Windlesham ;
         director, Jeremy Murray-Brown ; writer, Ludovic Kennedy.</marc:subfield>
      </marc:datafield>
      <marc:datafield tag="246" ind1="3" ind2="3">
         <marc:subfield code="a">Men against cancer.</marc:subfield>
      </marc:datafield>
      <marc:datafield tag="246" ind1="3" ind2="3">
         <marc:subfield code="a">NET journal. [No. 224], Men against
         cancer.</marc:subfield>
      </marc:datafield>
      <marc:datafield tag="655" ind1=" " ind2="0">
         <marc:subfield code="a">Documentary television programs
         (lcgft)</marc:subfield>
         <marc:subfield code="0">http://id.loc.gov/authorities/genreForms/gf2011026207</marc:subfield>
      </marc:datafield>
      <marc:datafield tag="655" ind1=" " ind2="0">
         <marc:subfield code="a">Medical television programs
         (lcgft)</marc:subfield>
         <marc:subfield code="0">http://id.loc.gov/authorities/genreForms/gf2011026392</marc:subfield>
      </marc:datafield>
      <marc:datafield tag="655" ind1=" " ind2="0">
         <marc:subfield code="a">Nonfiction television programs
         (lcgft)</marc:subfield>
         <marc:subfield code="0">http://id.loc.gov/authorities/genreForms/gf2011026425</marc:subfield>
      </marc:datafield>
      <marc:datafield tag="655" ind1=" " ind2="0">
         <marc:subfield code="a">Science television programs
         (lcgft)</marc:subfield>
         <marc:subfield code="0">http://id.loc.gov/authorities/genreForms/gf2011026561</marc:subfield>
      </marc:datafield>
   </marc:record>