
   <marc:record>
      <marc:leader>      am         3u     </marc:leader>
      <marc:datafield tag="042" ind1=" " ind2=" ">
         <marc:subfield code="a">dc</marc:subfield>
      </marc:datafield>
      <marc:datafield tag="720" ind1=" " ind2=" ">
         <marc:subfield code="a">Pearson,
         Lester B.</marc:subfield>
         <marc:subfield code="e">Appearing</marc:subfield>
         <marc:subfield code="0">http://id.loc.gov/authorities/names/n50049186</marc:subfield>
      </marc:datafield>
      <marc:datafield tag="720" ind1=" " ind2=" ">
         <marc:subfield code="a">National Educational Television and Radio Center</marc:subfield>
         <marc:subfield code="e">Broadcaster</marc:subfield>
         <marc:subfield code="0">http://id.loc.gov/authorities/names/n80050382</marc:subfield>
      </marc:datafield>
      <marc:datafield tag="720" ind1=" " ind2=" ">
         <marc:subfield code="a">Trudeau,
         Pierre Elliott</marc:subfield>
         <marc:subfield code="e">Appearing</marc:subfield>
         <marc:subfield code="0">http://id.loc.gov/authorities/names/n79054577</marc:subfield>
      </marc:datafield>
      <marc:datafield tag="720" ind1=" " ind2=" ">
         <marc:subfield code="a">Canadian Broadcasting Corporation</marc:subfield>
         <marc:subfield code="e">Production Company</marc:subfield>
         <marc:subfield code="0">http://id.loc.gov/authorities/names/n80085267</marc:subfield>
      </marc:datafield>
      <marc:datafield tag="260" ind1=" " ind2=" ">
         <marc:subfield code="c">1968-4-15</marc:subfield>
      </marc:datafield>
      <marc:datafield tag="520" ind1=" " ind2=" ">
         <marc:subfield code="a">From NET microfiche (N): This program, filmed during the Liberal Party
         Convention in Ottawa on April 4-6, offers a profile of Pierre Elliott Trudeau, the man
         chosen to replace Prime Minister Lester Pearson who is due to retire. Trudeau, alternately
         described by the press as a playboy and as a flaming liberal, states some of his goals for
         Canada in interviews both before and after his nomination. "I'd rather be the man for
         tomorrow," he says, "today's half-past." He promises radical solutions to new problems, but
         suggests that Canadians "stop being hypocritical" in hoping to censure America's
         involvement in Vietnam while preserving their present standard of living through contract
         with America. Trudeau, who was once denied entry into the US after a visit to Moscow,
         credits "this time, this people, this party" for giving a chance to "a little orphan," who
         was "a political outcast for 15 years." This program also captures the excitement and
         in-fighting of a convention and contains an interview with Mr. Pearson.</marc:subfield>
      </marc:datafield>
      <marc:datafield tag="337" ind1=" " ind2=" ">
         <marc:subfield code="a">Moving Image</marc:subfield>
         <marc:subfield code="2">MAVIS media type controlled vocabulary</marc:subfield>
      </marc:datafield>
      <marc:datafield tag="024" ind1="8" ind2=" ">
         <marc:subfield code="a">2447113</marc:subfield>
         <marc:subfield code="2">MAVIS Title Number</marc:subfield>
      </marc:datafield>
      <marc:datafield tag="024" ind1="8" ind2=" ">
         <marc:subfield code="a">NJNL</marc:subfield>
         <marc:subfield code="2">NET/PBS NOLA</marc:subfield>
      </marc:datafield>
      <marc:datafield tag="024" ind1="8" ind2=" ">
         <marc:subfield code="a">0</marc:subfield>
         <marc:subfield code="2">NET/PBS number</marc:subfield>
      </marc:datafield>
      <marc:datafield tag="546" ind1=" " ind2=" ">
         <marc:subfield code="a">English</marc:subfield>
      </marc:datafield>
      <marc:datafield tag="653" ind1=" " ind2=" ">
         <marc:subfield code="a">Prime ministers</marc:subfield>
         <marc:subfield code="0">http://id.loc.gov/authorities/subjects/sh85106681</marc:subfield>
      </marc:datafield>
      <marc:datafield tag="653" ind1=" " ind2=" ">
         <marc:subfield code="a">Politicians--Canada--Biography</marc:subfield>
         <marc:subfield code="0">http://id.loc.gov/authorities/subjects/sh2008109715</marc:subfield>
      </marc:datafield>
      <marc:datafield tag="653" ind1=" " ind2=" ">
         <marc:subfield code="a">Liberals</marc:subfield>
         <marc:subfield code="0">http://id.loc.gov/authorities/subjects/sh2004003364</marc:subfield>
      </marc:datafield>
      <marc:datafield tag="653" ind1=" " ind2=" ">
         <marc:subfield code="a">Trudeau, Pierre Elliott</marc:subfield>
         <marc:subfield code="0">http://id.loc.gov/authorities/names/n79054577</marc:subfield>
      </marc:datafield>
      <marc:datafield tag="245" ind1="0" ind2="0">
         <marc:subfield code="a">NET journal. New leader in Canada.</marc:subfield>
         <marc:subfield code="b">Canadian Broadcasting
         Corporation.</marc:subfield>
      </marc:datafield>
      <marc:datafield tag="246" ind1="3" ind2="3">
         <marc:subfield code="a">New leader in Canada.</marc:subfield>
      </marc:datafield>
      <marc:datafield tag="655" ind1=" " ind2="0">
         <marc:subfield code="a">Biographical television programs
         (lcgft)</marc:subfield>
         <marc:subfield code="0">http://id.loc.gov/authorities/genreForms/gf2011026091</marc:subfield>
      </marc:datafield>
      <marc:datafield tag="655" ind1=" " ind2="0">
         <marc:subfield code="a">Documentary television programs
         (lcgft)</marc:subfield>
         <marc:subfield code="0">http://id.loc.gov/authorities/genreForms/gf2011026207</marc:subfield>
      </marc:datafield>
      <marc:datafield tag="655" ind1=" " ind2="0">
         <marc:subfield code="a">Nonfiction television programs
         (lcgft)</marc:subfield>
         <marc:subfield code="0">http://id.loc.gov/authorities/genreForms/gf2011026425</marc:subfield>
      </marc:datafield>
   </marc:record>