
   <marc:record>
      <marc:leader>      am         3u     </marc:leader>
      <marc:datafield tag="042" ind1=" " ind2=" ">
         <marc:subfield code="a">dc</marc:subfield>
      </marc:datafield>
      <marc:datafield tag="720" ind1=" " ind2=" ">
         <marc:subfield code="a">National Educational Television and Radio Center</marc:subfield>
         <marc:subfield code="e">Broadcaster</marc:subfield>
         <marc:subfield code="0">http://id.loc.gov/authorities/names/n80050382</marc:subfield>
      </marc:datafield>
      <marc:datafield tag="720" ind1=" " ind2=" ">
         <marc:subfield code="a">First,
         Ruth</marc:subfield>
         <marc:subfield code="e">Appearing</marc:subfield>
         <marc:subfield code="0">http://id.loc.gov/authorities/names/n50005242</marc:subfield>
      </marc:datafield>
      <marc:datafield tag="720" ind1=" " ind2=" ">
         <marc:subfield code="a">McGavin, John</marc:subfield>
         <marc:subfield code="e">Narrator</marc:subfield>
      </marc:datafield>
      <marc:datafield tag="720" ind1=" " ind2=" ">
         <marc:subfield code="a">Gold,
         Jack</marc:subfield>
         <marc:subfield code="e">Producer</marc:subfield>
         <marc:subfield code="0">http://id.loc.gov/authorities/names/no90002436</marc:subfield>
      </marc:datafield>
      <marc:datafield tag="720" ind1=" " ind2=" ">
         <marc:subfield code="a">Gold,
         Jack</marc:subfield>
         <marc:subfield code="e">Director</marc:subfield>
         <marc:subfield code="0">http://id.loc.gov/authorities/names/no90002436</marc:subfield>
      </marc:datafield>
      <marc:datafield tag="720" ind1=" " ind2=" ">
         <marc:subfield code="a">British Broadcasting Corporation</marc:subfield>
         <marc:subfield code="e">Production Company</marc:subfield>
         <marc:subfield code="0">http://id.loc.gov/authorities/names/n79074359</marc:subfield>
      </marc:datafield>
      <marc:datafield tag="720" ind1=" " ind2=" ">
         <marc:subfield code="a">Weston, William</marc:subfield>
         <marc:subfield code="e">Executive Producer</marc:subfield>
      </marc:datafield>
      <marc:datafield tag="260" ind1=" " ind2=" ">
         <marc:subfield code="c">1967-2-27</marc:subfield>
      </marc:datafield>
      <marc:datafield tag="520" ind1=" " ind2=" ">
         <marc:subfield code="a">From NET microfiche: On a day in 1963, Ruth First, South African journalist
         and mother of three children, was suddenly detained while leaving a Johannesburg library.
         After a search of her home, which revealed one banned magazine, she was taken to jail and
         sentenced under the "90-day" law. Here began a solitary confinement lasting 117 days,
         during which Mrs. First endured the mental torment of being held for an unstated crime,
         attempted suicide, and was eventually released. Under the 90-day law, the police can
         incarcerate a person and hold him without benefit of attorney, right to trial, or even
         formal charge. At the end of the 90-day period - as in Ruth First's case - the person may
         be freed, then immediately re-arrested for an additional 90 days. (This law, incidentally,
         was instituted in 1960 under the authority of South Africa's current Primer Minister
         Voerster.) NINETY DAYS, a BBC production now being presented by NET, recreates the horror
         and the outrage of Ruth First's confinement. In this film, Ruth First plays herself,
         enduring the 117 days as she did in 1963. Again, she lives in a cell which the camera
         probes while she speaks for her troubled thoughts of three years ago. Again, she marks the
         days off one-by-one on her cell's stone wall as she tries to retain a vestige of control.
         She does not know what she will be interrogated for, though she is aware that several of
         her friends and colleagues have been jailed after meeting in Rivonia to discuss their
         anti-government sentiments. Mrs. First, who visited Rivonia prior to the arrests, resists
         questioning during her first 90 days though the interrogators ply her subtly and
         persistently. Finally, after her release and re-arrest, she answers a few questions about
         her friends. Then, she becomes "overwhelmed with guilt that they could use the beginning of
         my statement to demoralize others." But after a suicide attempt, she refuses to complete
         her statement and is ultimately freed. She and her children are then about to join her
         husband in England. But other South Africans are less fortunate. For them, the 90-day law
         has been replaced by a new 180-day law (or, as Voerster has defined the state's sway over
         the individual: "this side of eternity"). Old newspaper clippings and portraits of other
         political prisoners help to enlarge the sense of South African "justice" beyond the case of
         Ruth First. But the story, most immediately is hers. Narrator: John
         McGavin.</marc:subfield>
      </marc:datafield>
      <marc:datafield tag="024" ind1="8" ind2=" ">
         <marc:subfield code="a">2334891</marc:subfield>
         <marc:subfield code="2">MAVIS Title Number</marc:subfield>
      </marc:datafield>
      <marc:datafield tag="653" ind1=" " ind2=" ">
         <marc:subfield code="a">Political prisoners</marc:subfield>
         <marc:subfield code="0">http://id.loc.gov/authorities/subjects/sh85104422</marc:subfield>
      </marc:datafield>
      <marc:datafield tag="653" ind1=" " ind2=" ">
         <marc:subfield code="a">South Africa</marc:subfield>
         <marc:subfield code="0">http://id.loc.gov/authorities/names/n79023005</marc:subfield>
      </marc:datafield>
      <marc:datafield tag="653" ind1=" " ind2=" ">
         <marc:subfield code="a">First, Ruth</marc:subfield>
         <marc:subfield code="0">http://id.loc.gov/authorities/names/n50005242</marc:subfield>
      </marc:datafield>
      <marc:datafield tag="245" ind1="0" ind2="0">
         <marc:subfield code="a">NET journal. Ninety days.</marc:subfield>
         <marc:subfield code="b">produced by British Broadcasting Corporation ;
         a presentation of National Educational Television ; NET executive producer, William Weston
         ; producer-director, Jack Gold.</marc:subfield>
      </marc:datafield>
      <marc:datafield tag="246" ind1="3" ind2="3">
         <marc:subfield code="a">Ninety days.</marc:subfield>
      </marc:datafield>
      <marc:datafield tag="246" ind1="3" ind2="3">
         <marc:subfield code="a">90 days.</marc:subfield>
      </marc:datafield>
      <marc:datafield tag="246" ind1="3" ind2="3">
         <marc:subfield code="a">NET journal. [1967-02-27]. Ninety days.</marc:subfield>
      </marc:datafield>
      <marc:datafield tag="655" ind1=" " ind2="0">
         <marc:subfield code="a">Documentary television programs
         (lcgft)</marc:subfield>
         <marc:subfield code="0">http://id.loc.gov/authorities/genreForms/gf2011026207</marc:subfield>
      </marc:datafield>
      <marc:datafield tag="655" ind1=" " ind2="0">
         <marc:subfield code="a">Historical reenactments (Television
         programs) (lcgft)</marc:subfield>
         <marc:subfield code="0">http://id.loc.gov/authorities/genreForms/gf2011026314\n</marc:subfield>
      </marc:datafield>
      <marc:datafield tag="655" ind1=" " ind2="0">
         <marc:subfield code="a">Nonfiction television programs
         (lcgft)</marc:subfield>
         <marc:subfield code="0">http://id.loc.gov/authorities/genreForms/gf2011026425</marc:subfield>
      </marc:datafield>
   </marc:record>