
   <marc:record>
      <marc:leader>      am         3u     </marc:leader>
      <marc:datafield tag="042" ind1=" " ind2=" ">
         <marc:subfield code="a">dc</marc:subfield>
      </marc:datafield>
      <marc:datafield tag="720" ind1=" " ind2=" ">
         <marc:subfield code="a">National Educational Television and Radio Center</marc:subfield>
         <marc:subfield code="e">Broadcaster</marc:subfield>
         <marc:subfield code="0">http://id.loc.gov/authorities/names/n80050382</marc:subfield>
      </marc:datafield>
      <marc:datafield tag="720" ind1=" " ind2=" ">
         <marc:subfield code="a">Silberman, Charles E.</marc:subfield>
         <marc:subfield code="e">Appearing</marc:subfield>
         <marc:subfield code="0">http://id.loc.gov/authorities/names/n79053069</marc:subfield>
      </marc:datafield>
      <marc:datafield tag="720" ind1=" " ind2=" ">
         <marc:subfield code="a">Swanson, Bert
         E.</marc:subfield>
         <marc:subfield code="e">Host</marc:subfield>
         <marc:subfield code="0">http://id.loc.gov/authorities/names/n50011539</marc:subfield>
      </marc:datafield>
      <marc:datafield tag="720" ind1=" " ind2=" ">
         <marc:subfield code="a">Petrillo, August P.</marc:subfield>
         <marc:subfield code="e">Appearing</marc:subfield>
      </marc:datafield>
      <marc:datafield tag="260" ind1=" " ind2=" ">
         <marc:subfield code="c">1968-5-20</marc:subfield>
      </marc:datafield>
      <marc:datafield tag="520" ind1=" " ind2=" ">
         <marc:subfield code="a">From NET microfiche: The program ranges from community meetings to barber
         shops, and from pool hall to playground in its assessment of Mount Vernon, suburbia with "a
         split personality." Standing on a rooftop overlooking the town, Professor Bert Swanson
         describes the geographic and racial split within the community and the tensions created by
         deteriorated housing and racial imbalance in the schools. The program then follows him and
         other community leaders who seek to bring reasons to emotional issues. Swanson, political
         sociologist at Sarah Lawrence College and director of the school's Institute of Community
         Studies, encourages dialogue between black and white at such functions as the meetings of
         the Pelham (NY) Human Rights Commission. Other key figures in the program include Charles
         Silberman of Fortune magazine, a Mount Vernon resident and author of "Crisis in Black and
         White"; local NAACP president Lloyd King, who lives in an integrated block but resists the
         easy acceptance accorded to those who adopt middle class uniformity; and Alderman Guiseppe
         Ragno, who pledges his effort to bring legislative justice, but notes the more difficult
         task of changing attitudes. The dangerous split between Mount Vernon's Negroes and the
         Italian community, which is strong both numerically and politically, is summed up by
         Johnny, an Italian barber. He resists the idea that his children will have to grow up in
         fear, and remarks "we need a politician brave enough to put the instigators in their
         place." To some, an integrated block such as King lives on represents "the ultimate
         resolution" of a "world without labels." However, Mount Vernon is a long way from such
         integration, with whites inhabiting the North South, Negros the South Side, and a railroad
         track running down the middle. The program ends on a poignant note with a ceremony for the
         late Dr. Martin Luther King. A gathering is addressed by Floyd King, Silberman, and Mayor
         August Petrillo. Then, each of them is seen departing along to their separate
         duties.</marc:subfield>
      </marc:datafield>
      <marc:datafield tag="024" ind1="8" ind2=" ">
         <marc:subfield code="a">2334874</marc:subfield>
         <marc:subfield code="2">MAVIS Title Number</marc:subfield>
      </marc:datafield>
      <marc:datafield tag="653" ind1=" " ind2=" ">
         <marc:subfield code="a">New York (N.Y.)--Race
         relations</marc:subfield>
         <marc:subfield code="0">http://id.loc.gov/authorities/subjects/sh2008116330</marc:subfield>
      </marc:datafield>
      <marc:datafield tag="653" ind1=" " ind2=" ">
         <marc:subfield code="a">King, Martin Luther, Jr.,
         1929-1968</marc:subfield>
         <marc:subfield code="0">http://id.loc.gov/authorities/names/n79084324</marc:subfield>
      </marc:datafield>
      <marc:datafield tag="245" ind1="0" ind2="0">
         <marc:subfield code="a">NET journal. No hiding place.</marc:subfield>
         <marc:subfield code="b">Presented by National Educational
         Television.</marc:subfield>
      </marc:datafield>
      <marc:datafield tag="246" ind1="3" ind2="3">
         <marc:subfield code="a">No hiding place.</marc:subfield>
      </marc:datafield>
      <marc:datafield tag="246" ind1="3" ind2="3">
         <marc:subfield code="a">NET journal. [1968-05-20]. No hiding
         place.</marc:subfield>
      </marc:datafield>
      <marc:datafield tag="655" ind1=" " ind2="0">
         <marc:subfield code="a">Documentary television programs
         (lcgft)</marc:subfield>
         <marc:subfield code="0">http://id.loc.gov/authorities/genreForms/gf2011026207</marc:subfield>
      </marc:datafield>
      <marc:datafield tag="655" ind1=" " ind2="0">
         <marc:subfield code="a">Nonfiction television programs
         (lcgft)</marc:subfield>
         <marc:subfield code="0">http://id.loc.gov/authorities/genreForms/gf2011026425</marc:subfield>
      </marc:datafield>
      <marc:datafield tag="655" ind1=" " ind2="0">
         <marc:subfield code="a">Televised speeches (lcgft)</marc:subfield>
         <marc:subfield code="0">http://id.loc.gov/authorities/genreForms/gf2011026649</marc:subfield>
      </marc:datafield>
   </marc:record>