
   <marc:record>
      <marc:leader>      am         3u     </marc:leader>
      <marc:datafield tag="042" ind1=" " ind2=" ">
         <marc:subfield code="a">dc</marc:subfield>
      </marc:datafield>
      <marc:datafield tag="720" ind1=" " ind2=" ">
         <marc:subfield code="a">National Educational Television and Radio Center</marc:subfield>
         <marc:subfield code="e">Broadcaster</marc:subfield>
         <marc:subfield code="0">http://id.loc.gov/authorities/names/n80050382</marc:subfield>
      </marc:datafield>
      <marc:datafield tag="720" ind1=" " ind2=" ">
         <marc:subfield code="a">Schoenbrun, David</marc:subfield>
         <marc:subfield code="e">Participant</marc:subfield>
         <marc:subfield code="0">http://id.loc.gov/authorities/names/n79116426</marc:subfield>
      </marc:datafield>
      <marc:datafield tag="720" ind1=" " ind2=" ">
         <marc:subfield code="a">Ho, Chi
         Minh</marc:subfield>
         <marc:subfield code="e">Appearing</marc:subfield>
         <marc:subfield code="0">http://id.loc.gov/authorities/names/n80126088</marc:subfield>
      </marc:datafield>
      <marc:datafield tag="720" ind1=" " ind2=" ">
         <marc:subfield code="a">Scalapino, Robert A.</marc:subfield>
         <marc:subfield code="e">Participant</marc:subfield>
         <marc:subfield code="0">http://id.loc.gov/authorities/names/n80010111</marc:subfield>
      </marc:datafield>
      <marc:datafield tag="720" ind1=" " ind2=" ">
         <marc:subfield code="a">McCutchen, Dick</marc:subfield>
         <marc:subfield code="e">Moderator</marc:subfield>
         <marc:subfield code="0">http://id.loc.gov/authorities/names/no00028548</marc:subfield>
      </marc:datafield>
      <marc:datafield tag="720" ind1=" " ind2=" ">
         <marc:subfield code="a">Pham, Van Dong, 1906-2000</marc:subfield>
         <marc:subfield code="e">Interviewee</marc:subfield>
      </marc:datafield>
      <marc:datafield tag="720" ind1=" " ind2=" ">
         <marc:subfield code="a">National Educational Television and Radio Center</marc:subfield>
         <marc:subfield code="e">Production Company</marc:subfield>
         <marc:subfield code="0">http://id.loc.gov/authorities/names/n80050382</marc:subfield>
      </marc:datafield>
      <marc:datafield tag="720" ind1=" " ind2=" ">
         <marc:subfield code="a">Greene, Felix</marc:subfield>
         <marc:subfield code="e">Author/Based on</marc:subfield>
      </marc:datafield>
      <marc:datafield tag="720" ind1=" " ind2=" ">
         <marc:subfield code="a">Kaufman, Paul</marc:subfield>
         <marc:subfield code="e">Executive Producer</marc:subfield>
      </marc:datafield>
      <marc:datafield tag="260" ind1=" " ind2=" ">
         <marc:subfield code="c">1968-1-22</marc:subfield>
      </marc:datafield>
      <marc:datafield tag="260" ind1=" " ind2=" ">
         <marc:subfield code="c">1968-1-12</marc:subfield>
      </marc:datafield>
      <marc:datafield tag="520" ind1=" " ind2=" ">
         <marc:subfield code="a">"A 1968 study of North Vietnam, recording the results of U.S. bombing. Films
         show Ho Chi Minh visiting with villagers; interviews with a captured American flier and a
         North Vietnamese farmer (who describes a bombing attack). Also: a discussion of war in
         general by newsman David Schoenbrun and political scientist Robert A. Scalapino."--TV
         Guide.com From NET microfiche: In the first portion of this 90-minute program, NET will
         present an edited version of Felix Greene's film, "North Vietnam - A Personal Report,"
         which premiered December 10, 1967, at the Carnegie Hall Cinema in New York. The second
         portion of the program will be a discussion of the film and the war by David Schoenbrun,
         noted journalist and professor of Vietnamese history at Columbia University; and by a
         partisan of the war effort, soon to be announced. In reviewing "North Vietnam - A Personal
         Report," Cue Magazine began: "The most jolting film in town is available this holiday
         season for anyone who gives a damn about what's being done in his name  The film's overall
         power comes from detailing, often exquisitely, the everyday heroism of a beautiful,
         courageous people." The New York Times calls it "ominous" and "startling." And the New York
         Post called it an "impressive" film, "important for us to see." The undisputed heroes of
         the film are the people of North Vietnam, rebuilding their bombed towns and roads and
         bridges, mourning their dead, and conducting their simple lives with "amazing unconcern"
         for the constant roar of bombers. The film - which has been produced, written, photographed
         and recorded by British journalist Felix Greene - depicts a country of ruined cities and
         deep bomb craters; a country that "can be destroyed," in the words of the producer, "but
         never conquered." The determination of the people interviewed by Mr. Greene is supported by
         his film sequences. There is the Volunteer Youth Brigade that repairs roads, hauling
         hundreds of pounds of stones on their bicycles. There are fishermen who go out in their
         boats each night, since they must work to feed the country under cover of dark. There is
         the makeshift hospital, where doctors conduct "surgery by flashlight." There is the armed
         nations: guns are everywhere, and each air-raid siren mobilizes a crudely-appointed
         anti-aircraft squad of men who fire their rifles at the US bombers. The film contains
         interviews with North Vietnamese Prime Minister Pham Van Dong, a captured major (USAF), a
         bereaved family, and other North Vietnamese natives. The Prime Minister tells Greene "what
         the American people must understand" is that "we will fight 10, 15, even 20 or more years
         to maintain our independence." The American flyer resting at a hospital, admits that he has
         dropped CBU (anit-personnel) bombs, and state that our country "needs another look at our
         foreign policy." The film climaxes with a visit of the nation's canonized leader, Ho Chi
         Minh, to one of the villages of North Vietnam. The additional panelist on this program will
         be Robert Scalapino, professor of political science at the University of California
         (Berkeley), a leading supporter of the Administration's Vietnam policy within the academic
         community. He is author of "The Communist Revolution in Asia" and "North Korea Today" and
         editor of "Asian Survey." With him will be previously-announced David Schoenbrun and Dick
         McCutchen, moderator. Based on a film by Felix Greene.</marc:subfield>
      </marc:datafield>
      <marc:datafield tag="337" ind1=" " ind2=" ">
         <marc:subfield code="a">Moving Image</marc:subfield>
         <marc:subfield code="2">MAVIS media type controlled vocabulary</marc:subfield>
      </marc:datafield>
      <marc:datafield tag="024" ind1="8" ind2=" ">
         <marc:subfield code="a">2004969</marc:subfield>
         <marc:subfield code="2">MAVIS Title Number</marc:subfield>
      </marc:datafield>
      <marc:datafield tag="024" ind1="8" ind2=" ">
         <marc:subfield code="a">NJNV</marc:subfield>
         <marc:subfield code="2">NET/PBS NOLA</marc:subfield>
      </marc:datafield>
      <marc:datafield tag="024" ind1="8" ind2=" ">
         <marc:subfield code="a">0</marc:subfield>
         <marc:subfield code="2">NET/PBS number</marc:subfield>
      </marc:datafield>
      <marc:datafield tag="546" ind1=" " ind2=" ">
         <marc:subfield code="a">English</marc:subfield>
      </marc:datafield>
      <marc:datafield tag="653" ind1=" " ind2=" ">
         <marc:subfield code="a">Vietnam</marc:subfield>
         <marc:subfield code="0">http://id.loc.gov/authorities/names/n79032186</marc:subfield>
      </marc:datafield>
      <marc:datafield tag="245" ind1="0" ind2="0">
         <marc:subfield code="a">NET journal. North Vietnam.</marc:subfield>
         <marc:subfield code="b">a production of National Educational
         Television ; executive producer, Paul Kaufman.</marc:subfield>
      </marc:datafield>
      <marc:datafield tag="246" ind1="3" ind2="3">
         <marc:subfield code="a">North Vietnam.</marc:subfield>
      </marc:datafield>
      <marc:datafield tag="246" ind1="3" ind2="3">
         <marc:subfield code="a">NET journal. [1968-01-22]. North Vietnam.</marc:subfield>
      </marc:datafield>
      <marc:datafield tag="655" ind1=" " ind2="0">
         <marc:subfield code="a">Documentary television programs
         (lcgft)</marc:subfield>
         <marc:subfield code="0">http://id.loc.gov/authorities/genreForms/gf2011026207</marc:subfield>
      </marc:datafield>
      <marc:datafield tag="655" ind1=" " ind2="0">
         <marc:subfield code="a">Nonfiction television programs
         (lcgft)</marc:subfield>
         <marc:subfield code="0">http://id.loc.gov/authorities/genreForms/gf2011026425</marc:subfield>
      </marc:datafield>
      <marc:datafield tag="655" ind1=" " ind2="0">
         <marc:subfield code="a">Public affairs television programs
         (lcgft)</marc:subfield>
         <marc:subfield code="0">http://id.loc.gov/authorities/genreForms/gf2011026476</marc:subfield>
      </marc:datafield>
      <marc:datafield tag="655" ind1=" " ind2="0">
         <marc:subfield code="a">Television panel discussions
         (lcgft)</marc:subfield>
         <marc:subfield code="0">http://id.loc.gov/authorities/genreForms/gf2011026668</marc:subfield>
      </marc:datafield>
   </marc:record>