
   <marc:record>
      <marc:leader>      am         3u     </marc:leader>
      <marc:datafield tag="042" ind1=" " ind2=" ">
         <marc:subfield code="a">dc</marc:subfield>
      </marc:datafield>
      <marc:datafield tag="720" ind1=" " ind2=" ">
         <marc:subfield code="a">National Educational Television and Radio Center</marc:subfield>
         <marc:subfield code="e">Broadcaster</marc:subfield>
         <marc:subfield code="0">http://id.loc.gov/authorities/names/n80050382</marc:subfield>
      </marc:datafield>
      <marc:datafield tag="720" ind1=" " ind2=" ">
         <marc:subfield code="a">Roberts,
         Peter (Narrator)</marc:subfield>
         <marc:subfield code="e">Narrator</marc:subfield>
         <marc:subfield code="0">http://id.loc.gov/authorities/names/n94015837</marc:subfield>
      </marc:datafield>
      <marc:datafield tag="720" ind1=" " ind2=" ">
         <marc:subfield code="a">National Educational Television and Radio Center</marc:subfield>
         <marc:subfield code="e">Production Company</marc:subfield>
         <marc:subfield code="0">http://id.loc.gov/authorities/names/n80050382</marc:subfield>
      </marc:datafield>
      <marc:datafield tag="720" ind1=" " ind2=" ">
         <marc:subfield code="a">Weston, William</marc:subfield>
         <marc:subfield code="e">Executive Producer</marc:subfield>
      </marc:datafield>
      <marc:datafield tag="260" ind1=" " ind2=" ">
         <marc:subfield code="c">1968-1-1</marc:subfield>
      </marc:datafield>
      <marc:datafield tag="520" ind1=" " ind2=" ">
         <marc:subfield code="a">From NET microfiche: This hour-long documentary, filmed on an August day in
         New York City, focuses on the people and pageantry, the vocal opposition and the organized
         chaos of a peace march. The particular demonstration, staged on August 6, 1966, the
         anniversary of the bombing of Hiroshima, brings together marchers who have gathered at six
         locations in New York City - from Harlem to the Lower East Side. The program follows them
         as they proceed toward midtown Manhattan, where they converge in Times Square, then proceed
         to an improvised rallying place nearby. Meanwhile, the program records their arguments
         against the war as well as the statements of hostile onlookers ("these people are garbage";
         "napalm burns, but a knife in the back kills"). The marchers include housewives and
         hippies; representatives of the Old Left and the New Left; Negro leaders such as Lincoln
         Lynch (CORE) and Ivanhoe Donaldson (SNCC) and such intellectuals as poet Allen Ginsberg;
         veterans of the Vietnam and earlier wars, and a marine who has gone AWOL and will soon be
         jailed. In addition to their chanting, signing, and placard-bearing, there is the
         performance of the grotesquely-masked members of the Bread and Puppet Theater. And, at a
         rallying point, there are the speeches by Lynch and Donaldson, by the late pacifist AJ
         Muste, deserted Marine Corporal John Jordan, a Japanese native, who is a survivor of the
         Nagasaki bombing, and a woman from the ghetto. Meanwhile, the "anti-anti-war" demonstrators
         - including members of the Nazi National Renaissance Party - direct attention to
         themselves.</marc:subfield>
      </marc:datafield>
      <marc:datafield tag="024" ind1="8" ind2=" ">
         <marc:subfield code="a">2456507</marc:subfield>
         <marc:subfield code="2">MAVIS Title Number</marc:subfield>
      </marc:datafield>
      <marc:datafield tag="653" ind1=" " ind2=" ">
         <marc:subfield code="a">Pacifists</marc:subfield>
         <marc:subfield code="0">http://id.loc.gov/authorities/subjects/sh85096506</marc:subfield>
      </marc:datafield>
      <marc:datafield tag="653" ind1=" " ind2=" ">
         <marc:subfield code="a">Parades</marc:subfield>
         <marc:subfield code="0">http://id.loc.gov/authorities/subjects/sh85097741</marc:subfield>
      </marc:datafield>
      <marc:datafield tag="245" ind1="0" ind2="0">
         <marc:subfield code="a">NET journal. Profile of a peace parade.</marc:subfield>
         <marc:subfield code="b">a production of National Educational
         Television ; executive producer, William Weston ; producer, David Weiss.</marc:subfield>
      </marc:datafield>
      <marc:datafield tag="246" ind1="3" ind2="3">
         <marc:subfield code="a">Profile of a peace parade.</marc:subfield>
      </marc:datafield>
      <marc:datafield tag="655" ind1=" " ind2="0">
         <marc:subfield code="a">Documentary television programs
         (lcgft)</marc:subfield>
         <marc:subfield code="0">http://id.loc.gov/authorities/genreForms/gf2011026207</marc:subfield>
      </marc:datafield>
      <marc:datafield tag="655" ind1=" " ind2="0">
         <marc:subfield code="a">Nonfiction television programs
         (lcgft)</marc:subfield>
         <marc:subfield code="0">http://id.loc.gov/authorities/genreForms/gf2011026425</marc:subfield>
      </marc:datafield>
      <marc:datafield tag="655" ind1=" " ind2="0">
         <marc:subfield code="a">Public affairs television programs
         (lcgft)</marc:subfield>
         <marc:subfield code="0">http://id.loc.gov/authorities/genreForms/gf2011026476</marc:subfield>
      </marc:datafield>
   </marc:record>