
   <marc:record>
      <marc:leader>      am         3u     </marc:leader>
      <marc:datafield tag="042" ind1=" " ind2=" ">
         <marc:subfield code="a">dc</marc:subfield>
      </marc:datafield>
      <marc:datafield tag="720" ind1=" " ind2=" ">
         <marc:subfield code="a">National Educational Television and Radio Center</marc:subfield>
         <marc:subfield code="e">Broadcaster</marc:subfield>
         <marc:subfield code="0">http://id.loc.gov/authorities/names/n80050382</marc:subfield>
      </marc:datafield>
      <marc:datafield tag="720" ind1=" " ind2=" ">
         <marc:subfield code="a">Douglas,
         William O.</marc:subfield>
         <marc:subfield code="e">Appearing</marc:subfield>
         <marc:subfield code="0">http://id.loc.gov/authorities/names/n79041741</marc:subfield>
      </marc:datafield>
      <marc:datafield tag="720" ind1=" " ind2=" ">
         <marc:subfield code="a">Nader,
         Ralph</marc:subfield>
         <marc:subfield code="e">Appearing</marc:subfield>
         <marc:subfield code="0">http://id.loc.gov/authorities/names/n80067178</marc:subfield>
      </marc:datafield>
      <marc:datafield tag="720" ind1=" " ind2=" ">
         <marc:subfield code="a">Ervin,
         Sam J.</marc:subfield>
         <marc:subfield code="e">Appearing</marc:subfield>
         <marc:subfield code="0">http://id.loc.gov/authorities/names/n50008970</marc:subfield>
      </marc:datafield>
      <marc:datafield tag="720" ind1=" " ind2=" ">
         <marc:subfield code="a">Gross,
         Martin L.</marc:subfield>
         <marc:subfield code="e">Appearing</marc:subfield>
         <marc:subfield code="0">http://id.loc.gov/authorities/names/n85220637</marc:subfield>
      </marc:datafield>
      <marc:datafield tag="720" ind1=" " ind2=" ">
         <marc:subfield code="a">Moss,
         John E.Moss, John E., 1915-1997</marc:subfield>
         <marc:subfield code="e">Appearing</marc:subfield>
         <marc:subfield code="0">http://id.loc.gov/authorities/names/no97061315</marc:subfield>
      </marc:datafield>
      <marc:datafield tag="720" ind1=" " ind2=" ">
         <marc:subfield code="a">Gallagher, Cornelius E.</marc:subfield>
         <marc:subfield code="e">Appearing</marc:subfield>
         <marc:subfield code="0">http://id.loc.gov/authorities/names/n2002027628</marc:subfield>
      </marc:datafield>
      <marc:datafield tag="720" ind1=" " ind2=" ">
         <marc:subfield code="a">Farr, James</marc:subfield>
         <marc:subfield code="e">Appearing</marc:subfield>
      </marc:datafield>
      <marc:datafield tag="720" ind1=" " ind2=" ">
         <marc:subfield code="a">Kazin, Carl</marc:subfield>
         <marc:subfield code="e">Appearing</marc:subfield>
      </marc:datafield>
      <marc:datafield tag="720" ind1=" " ind2=" ">
         <marc:subfield code="a">National Educational Television and Radio Center</marc:subfield>
         <marc:subfield code="e">Production Company</marc:subfield>
         <marc:subfield code="0">http://id.loc.gov/authorities/names/n80050382</marc:subfield>
      </marc:datafield>
      <marc:datafield tag="720" ind1=" " ind2=" ">
         <marc:subfield code="a">Steibel,
         Warren</marc:subfield>
         <marc:subfield code="e">Producer</marc:subfield>
         <marc:subfield code="0">http://id.loc.gov/authorities/names/no98066167</marc:subfield>
      </marc:datafield>
      <marc:datafield tag="720" ind1=" " ind2=" ">
         <marc:subfield code="a">Steibel,
         Warren</marc:subfield>
         <marc:subfield code="e">Writer</marc:subfield>
         <marc:subfield code="0">http://id.loc.gov/authorities/names/no98066167</marc:subfield>
      </marc:datafield>
      <marc:datafield tag="720" ind1=" " ind2=" ">
         <marc:subfield code="a">Perlmutter, Al</marc:subfield>
         <marc:subfield code="e">Executive Producer</marc:subfield>
         <marc:subfield code="0">http://id.loc.gov/authorities/names/nr95001160</marc:subfield>
      </marc:datafield>
      <marc:datafield tag="260" ind1=" " ind2=" ">
         <marc:subfield code="c">1967-10-16</marc:subfield>
      </marc:datafield>
      <marc:datafield tag="520" ind1=" " ind2=" ">
         <marc:subfield code="a">From NET microfiche: This program is a documented plea for privacy in an age
         of bulging files. It investigates the use of computers, lie detector tests, pre-employment
         personality tests, and other means of categorizing the individual. And it suggests that the
         establishment of a proposed National Data Center would be "the end of privacy," opening a
         man's private life to public scrutiny. (The issue of privacy resounded today, September 5,
         1967, when a group of authorities on international law and world politics, titled the
         Commission to Study the Organization of Peace, called for a United Nations study of "The
         potential threat to individual freedom posed by computers, wiretap and eavesdropping
         devices and genetic controls.") The NET documentary begins with the birth of a baby at Mt.
         Sinai Hospital in New York City; there, the baby is foot printed and his first confidential
         information is put on punch cards, tape and microfilm, to join the 500,000 hospital files
         already available for perusal by insurance and credit companies and government agencies.
         Other invasions of privacy are seen on the program: an actual lie-detector test; a field
         investigation of an insurance applicant, during which neighbors assess such matters as the
         man's drinking habits; and the much publicized case of Ralph Nader and General Motors. Two
         men denied employment on the basis of polygraph tests described their experiences: one
         telling how he was called a liar when he denied any homosexual inclinations; the other
         recounting his firing without explanation after a lie detector determined that he was "a
         Black Muslim." Among those appearing on the program are: " Supreme Court Justice William O.
         Douglas, who notes the "terrifying aspects" of computerized files; " Senator Sam Ervin of
         North Carolina, who decries such "insulting questions on government tests" as "have you had
         sexual intercourse with an animal?" " Congressman John Moss of California, who warns of
         potential blackmail through the availability of personal records; " Ralph Nader, who
         recounts his secret investigation by General Motors; " Martin Gross, author of the "Brain
         Watchers," who notes that questioning by guidance counsellors effects "an early
         conditioning of children into confessionals"; " Dr. James Farr, psychologist and management
         consultant, who argues that "personality testing per se" is not an invasion of privacy; "
         Congressman Cornelius E. Gallagher of New Jersey, who warns against a "fish-bowl society";
         " Dr. Carl Kazin of the Institute for Advanced Studies at Princeton, who states that the
         current trend invites such a generality as "that peg is Carl Kazin,' with "statistical
         conclusion" as its only justification. Narrator: Philip Sterling.</marc:subfield>
      </marc:datafield>
      <marc:datafield tag="024" ind1="8" ind2=" ">
         <marc:subfield code="a">2455944</marc:subfield>
         <marc:subfield code="2">MAVIS Title Number</marc:subfield>
      </marc:datafield>
      <marc:datafield tag="653" ind1=" " ind2=" ">
         <marc:subfield code="a">Privacy, Right of--United
         States</marc:subfield>
         <marc:subfield code="0">http://id.loc.gov/authorities/subjects/sh2008108965</marc:subfield>
      </marc:datafield>
      <marc:datafield tag="245" ind1="0" ind2="0">
         <marc:subfield code="a">NET journal. Right of privacy.</marc:subfield>
         <marc:subfield code="b">a production of National Educational
         Television ; executive producer, Alvin H. Perlmutter ; producer-writer, Warren
         Steibel.</marc:subfield>
      </marc:datafield>
      <marc:datafield tag="246" ind1="3" ind2="3">
         <marc:subfield code="a">Right of privacy.</marc:subfield>
      </marc:datafield>
      <marc:datafield tag="655" ind1=" " ind2="0">
         <marc:subfield code="a">Documentary television programs
         (lcgft)</marc:subfield>
         <marc:subfield code="0">http://id.loc.gov/authorities/genreForms/gf2011026207</marc:subfield>
      </marc:datafield>
      <marc:datafield tag="655" ind1=" " ind2="0">
         <marc:subfield code="a">Nonfiction television programs
         (lcgft)</marc:subfield>
         <marc:subfield code="0">http://id.loc.gov/authorities/genreForms/gf2011026425</marc:subfield>
      </marc:datafield>
      <marc:datafield tag="655" ind1=" " ind2="0">
         <marc:subfield code="a">Public affairs television programs
         (lcgft)</marc:subfield>
         <marc:subfield code="0">http://id.loc.gov/authorities/genreForms/gf2011026476</marc:subfield>
      </marc:datafield>
   </marc:record>