
   <marc:record>
      <marc:leader>      am         3u     </marc:leader>
      <marc:datafield tag="042" ind1=" " ind2=" ">
         <marc:subfield code="a">dc</marc:subfield>
      </marc:datafield>
      <marc:datafield tag="720" ind1=" " ind2=" ">
         <marc:subfield code="a">Voznesenskii, Andrei</marc:subfield>
         <marc:subfield code="e">Interviewee</marc:subfield>
         <marc:subfield code="0">http://id.loc.gov/authorities/names/n50082201</marc:subfield>
      </marc:datafield>
      <marc:datafield tag="720" ind1=" " ind2=" ">
         <marc:subfield code="a">National Educational Television and Radio Center</marc:subfield>
         <marc:subfield code="e">Broadcaster</marc:subfield>
         <marc:subfield code="0">http://id.loc.gov/authorities/names/n80050382</marc:subfield>
      </marc:datafield>
      <marc:datafield tag="720" ind1=" " ind2=" ">
         <marc:subfield code="a">Hoving,
         Peter</marc:subfield>
         <marc:subfield code="e">Cameraman</marc:subfield>
         <marc:subfield code="0">http://id.loc.gov/authorities/names/no2006050472</marc:subfield>
      </marc:datafield>
      <marc:datafield tag="720" ind1=" " ind2=" ">
         <marc:subfield code="a">Shulman,
         Colette</marc:subfield>
         <marc:subfield code="e">Reporter</marc:subfield>
         <marc:subfield code="0">http://id.loc.gov/authorities/names/n79066545</marc:subfield>
      </marc:datafield>
      <marc:datafield tag="720" ind1=" " ind2=" ">
         <marc:subfield code="a">Tamm,
         I. E.</marc:subfield>
         <marc:subfield code="e">Interviewee</marc:subfield>
         <marc:subfield code="0">http://id.loc.gov/authorities/names/no2002102545</marc:subfield>
      </marc:datafield>
      <marc:datafield tag="720" ind1=" " ind2=" ">
         <marc:subfield code="a">Birman, A. M.</marc:subfield>
         <marc:subfield code="e">Interviewee</marc:subfield>
         <marc:subfield code="0">http://id.loc.gov/authorities/names/n80159880</marc:subfield>
      </marc:datafield>
      <marc:datafield tag="720" ind1=" " ind2=" ">
         <marc:subfield code="a">Ehrenburg, Ilya</marc:subfield>
         <marc:subfield code="e">Interviewee</marc:subfield>
      </marc:datafield>
      <marc:datafield tag="720" ind1=" " ind2=" ">
         <marc:subfield code="a">WGBH (Television station : Boston,
         Mass.)</marc:subfield>
         <marc:subfield code="e">Cooperation/Association</marc:subfield>
         <marc:subfield code="0">http://id.loc.gov/authorities/names/n80089989</marc:subfield>
      </marc:datafield>
      <marc:datafield tag="720" ind1=" " ind2=" ">
         <marc:subfield code="a">National Educational Television and Radio Center</marc:subfield>
         <marc:subfield code="e">Production Company</marc:subfield>
         <marc:subfield code="0">http://id.loc.gov/authorities/names/n80050382</marc:subfield>
      </marc:datafield>
      <marc:datafield tag="720" ind1=" " ind2=" ">
         <marc:subfield code="a">Morgenthau,
         Henry</marc:subfield>
         <marc:subfield code="e">Producer</marc:subfield>
         <marc:subfield code="0">http://id.loc.gov/authorities/names/n88222920</marc:subfield>
      </marc:datafield>
      <marc:datafield tag="720" ind1=" " ind2=" ">
         <marc:subfield code="a">Morgenthau,
         Henry</marc:subfield>
         <marc:subfield code="e">Director</marc:subfield>
         <marc:subfield code="0">http://id.loc.gov/authorities/names/n88222920</marc:subfield>
      </marc:datafield>
      <marc:datafield tag="260" ind1=" " ind2=" ">
         <marc:subfield code="c">1967-10-31</marc:subfield>
      </marc:datafield>
      <marc:datafield tag="260" ind1=" " ind2=" ">
         <marc:subfield code="c">1967-11-6</marc:subfield>
      </marc:datafield>
      <marc:datafield tag="520" ind1=" " ind2=" ">
         <marc:subfield code="a">From NET microfiche (R): Dynamic young poet Andrei Voznesensky, the later
         writer Ilya Ehrenburg, and Nobel Prize winning physicist Igor Tamm discuss their nation's
         strengths and shortcomings on "NET Journal - Russia: The Unfinished Revolution." On the eve
         of the November 7 celebration, the NET program concentrates on the cultural, scientific and
         economic changes in Russia since the Bolshevik revolution of 1917. It also focuses on the
         "growing interest in the personal life, and the desire for material possessions," which
         producer Henry Morgenthau III noted on his recent visit to Russia. During a month of
         intensive filing this summer, Morgenthau found "surveillance but cooperation" on the part
         of the Novesti Press Agency, which helped to arrange his visit. Officials of Novesti
         accompanied the crew on its various filming assignments and provided sound men for the
         film. The program represents a rare electronic "thaw" in a summer which saw Russia
         discourage various exchanges on the basis of international crisis. In fact, it was during
         this period that Voznesensky's scheduled reading of his work at New York's Lincoln Center
         was cancelled. NET filmed the poet at the Taganka Theater on the night of his most pointed
         outburst against the government censorship. Later, in an interview with reporter Colette
         Shulman, Voznesensky discussed his craft, the relationship between science and the arts,
         and the young generation, which is "better, more free, more brave, more strong" than its
         predecessors. A retrospective look at Russian literature is provided by Ehrenburg in one of
         the last interviews given before his recent death. Though he noted that the literary
         "picture is greyer today," Ehrenburg decried the tendency of Westerners to view "our
         literature in a political context, using our internal difficulties for your own purpose."
         Mrs. Shulman, former Moscow correspondent for UPI, also interviewed economist Alexander
         Birman, who notes that the pace of reform has been slowed by "the international situation";
         children's writer and essayist Kornei Chukovskey; a female doctor who discusses family
         life, abortion and the changing role of women and contraception; young students and men on
         the street. The film visits a commemorative photo exhibit in Moscow where the Russians look
         at themselves. There are also scenes from a peasant wedding, a collective baptism under
         state auspices, downtown Moscow with its stories and standardized apartments, and the
         Taganka Theater where the entertainment includes singing sailors and a mock strip tease
         based on a poem by Voznesensky.</marc:subfield>
      </marc:datafield>
      <marc:datafield tag="337" ind1=" " ind2=" ">
         <marc:subfield code="a">Moving Image</marc:subfield>
         <marc:subfield code="2">MAVIS media type controlled vocabulary</marc:subfield>
      </marc:datafield>
      <marc:datafield tag="024" ind1="8" ind2=" ">
         <marc:subfield code="a">2405418</marc:subfield>
         <marc:subfield code="2">MAVIS Title Number</marc:subfield>
      </marc:datafield>
      <marc:datafield tag="024" ind1="8" ind2=" ">
         <marc:subfield code="a">NJRU</marc:subfield>
         <marc:subfield code="2">NET/PBS NOLA</marc:subfield>
      </marc:datafield>
      <marc:datafield tag="024" ind1="8" ind2=" ">
         <marc:subfield code="a">0</marc:subfield>
         <marc:subfield code="2">NET/PBS number</marc:subfield>
      </marc:datafield>
      <marc:datafield tag="546" ind1=" " ind2=" ">
         <marc:subfield code="a">English</marc:subfield>
      </marc:datafield>
      <marc:datafield tag="653" ind1=" " ind2=" ">
         <marc:subfield code="a">Russia</marc:subfield>
         <marc:subfield code="0">http://id.loc.gov/authorities/names/n80001203</marc:subfield>
      </marc:datafield>
      <marc:datafield tag="245" ind1="0" ind2="0">
         <marc:subfield code="a">NET journal. Russia--The unfinished
         revolution.</marc:subfield>
         <marc:subfield code="b">Produced by National Educational Television in
         association with WGBH-TV, Boston ; producer-director, Henry Morgenthau III.</marc:subfield>
      </marc:datafield>
      <marc:datafield tag="246" ind1="3" ind2="3">
         <marc:subfield code="a">Russia--The unfinished
         revolution.</marc:subfield>
      </marc:datafield>
      <marc:datafield tag="246" ind1="3" ind2="3">
         <marc:subfield code="a">The unfinished
         revolution.</marc:subfield>
      </marc:datafield>
      <marc:datafield tag="246" ind1="3" ind2="3">
         <marc:subfield code="a">NET journal. Russia.</marc:subfield>
      </marc:datafield>
      <marc:datafield tag="246" ind1="3" ind2="3">
         <marc:subfield code="a">Intertel. Russia--The unfinished
         revolution.</marc:subfield>
      </marc:datafield>
      <marc:datafield tag="655" ind1=" " ind2="0">
         <marc:subfield code="a">Nonfiction television programs
         (lcgft)</marc:subfield>
         <marc:subfield code="0">http://id.loc.gov/authorities/genreForms/gf2011026425</marc:subfield>
      </marc:datafield>
      <marc:datafield tag="655" ind1=" " ind2="0">
         <marc:subfield code="a">Public affairs television programs
         (lcgft)</marc:subfield>
         <marc:subfield code="0">http://id.loc.gov/authorities/genreForms/gf2011026476</marc:subfield>
      </marc:datafield>
   </marc:record>