
   <marc:record>
      <marc:leader>      am         3u     </marc:leader>
      <marc:datafield tag="042" ind1=" " ind2=" ">
         <marc:subfield code="a">dc</marc:subfield>
      </marc:datafield>
      <marc:datafield tag="720" ind1=" " ind2=" ">
         <marc:subfield code="a">National Educational Television and Radio Center</marc:subfield>
         <marc:subfield code="e">Broadcaster</marc:subfield>
         <marc:subfield code="0">http://id.loc.gov/authorities/names/n80050382</marc:subfield>
      </marc:datafield>
      <marc:datafield tag="720" ind1=" " ind2=" ">
         <marc:subfield code="a">Fenichel, Carl</marc:subfield>
         <marc:subfield code="e">Appearing</marc:subfield>
         <marc:subfield code="0">http://id.loc.gov/authorities/names/n88044562</marc:subfield>
      </marc:datafield>
      <marc:datafield tag="720" ind1=" " ind2=" ">
         <marc:subfield code="a">Lerner,
         Murray</marc:subfield>
         <marc:subfield code="e">Producer</marc:subfield>
         <marc:subfield code="0">http://id.loc.gov/authorities/names/n88044810</marc:subfield>
      </marc:datafield>
      <marc:datafield tag="720" ind1=" " ind2=" ">
         <marc:subfield code="a">National Educational Television and Radio Center</marc:subfield>
         <marc:subfield code="e">Production Company</marc:subfield>
         <marc:subfield code="0">http://id.loc.gov/authorities/names/n80050382</marc:subfield>
      </marc:datafield>
      <marc:datafield tag="260" ind1=" " ind2=" ">
         <marc:subfield code="c">1966-10-10</marc:subfield>
      </marc:datafield>
      <marc:datafield tag="520" ind1=" " ind2=" ">
         <marc:subfield code="a">From NET microfiche: SEARCH FOR THE LOST SELF, a drama about children in the
         nightmare world of mental illness, is presented on National Educational Television's
         documentary series, "NET Journal." Filmed on the premises of the League School for
         Seriously Disturbed Children in Brooklyn, NY, SEARCH FOR THE LOST SELF is the second of two
         hour-long documentaries devoted to the subject of mental illness by "NET Journal." The
         school, founded in 1953, was the first day-treatment center in the country for seriously
         disturbed children. At the time, it challenged the premise that the millions of children
         generally classified as "schizophrenic," "autistic," "psychotic," or "retarded," were
         basically uneducable. The school's founder and director, Dr. Carl Fenichel, had worked with
         disturbed children at Kings County Hospital in Brooklyn. The vast majority of these
         children had been recommended for psychotherapy and were eventually consigned to
         institutions. Dr. Fenichel, however, believed in the therapy of education. "Through
         teaching them to read and count and listen, we can reach many of these children. They begin
         relating to people and see that the world is an organized predictable place," Dr. Fenichel
         explains. "We don't talk in terms of cure, but we feel we can reduce the disability and
         permit them to function in the real world." At the League School, producer Murray Lerner
         has filmed many types of children - hyperactive and lethargic, mute and loquacious,
         insatiable readers and virtual idiots. What they share upon entering the school is an
         inability to relate - to others, to inanimate objects, even to their own bodies. The
         program traces their tortuous learning process that often disintegrates into tantrums of
         withdrawals. For some children, however, there are signs of hope, and their partial
         recovery is the film's "message." The League School has become the prototype for many
         recently-established centers for mentally-disturbed children. Increasingly, education is
         being recognized as a valid treatment for mental illness in children.</marc:subfield>
      </marc:datafield>
      <marc:datafield tag="337" ind1=" " ind2=" ">
         <marc:subfield code="a">Moving Image</marc:subfield>
         <marc:subfield code="2">MAVIS media type controlled vocabulary</marc:subfield>
      </marc:datafield>
      <marc:datafield tag="024" ind1="8" ind2=" ">
         <marc:subfield code="a">2410320</marc:subfield>
         <marc:subfield code="2">MAVIS Title Number</marc:subfield>
      </marc:datafield>
      <marc:datafield tag="024" ind1="8" ind2=" ">
         <marc:subfield code="a">NJSL</marc:subfield>
         <marc:subfield code="2">NET/PBS NOLA</marc:subfield>
      </marc:datafield>
      <marc:datafield tag="024" ind1="8" ind2=" ">
         <marc:subfield code="a">0</marc:subfield>
         <marc:subfield code="2">NET/PBS number</marc:subfield>
      </marc:datafield>
      <marc:datafield tag="546" ind1=" " ind2=" ">
         <marc:subfield code="a">English</marc:subfield>
      </marc:datafield>
      <marc:datafield tag="653" ind1=" " ind2=" ">
         <marc:subfield code="a"/>
      </marc:datafield>
      <marc:datafield tag="653" ind1=" " ind2=" ">
         <marc:subfield code="a">League School</marc:subfield>
         <marc:subfield code="0">http://id.loc.gov/authorities/names/n50057556</marc:subfield>
      </marc:datafield>
      <marc:datafield tag="245" ind1="0" ind2="0">
         <marc:subfield code="a">NET journal. Search for the lost self.</marc:subfield>
         <marc:subfield code="b">a National Educational Television production ;
         producer, Murray Lerner.</marc:subfield>
      </marc:datafield>
      <marc:datafield tag="246" ind1="3" ind2="3">
         <marc:subfield code="a">Search for the lost self.</marc:subfield>
      </marc:datafield>
      <marc:datafield tag="655" ind1=" " ind2="0">
         <marc:subfield code="a">Documentary television programs
         (lcgft)</marc:subfield>
         <marc:subfield code="0">http://id.loc.gov/authorities/genreForms/gf2011026207</marc:subfield>
      </marc:datafield>
      <marc:datafield tag="655" ind1=" " ind2="0">
         <marc:subfield code="a">Nonfiction television programs
         (lcgft)</marc:subfield>
         <marc:subfield code="0">http://id.loc.gov/authorities/genreForms/gf2011026425</marc:subfield>
      </marc:datafield>
      <marc:datafield tag="655" ind1=" " ind2="0">
         <marc:subfield code="a">Public affairs television programs
         (lcgft)</marc:subfield>
         <marc:subfield code="0">http://id.loc.gov/authorities/genreForms/gf2011026476</marc:subfield>
      </marc:datafield>
   </marc:record>