
   <marc:record>
      <marc:leader>      am         3u     </marc:leader>
      <marc:datafield tag="042" ind1=" " ind2=" ">
         <marc:subfield code="a">dc</marc:subfield>
      </marc:datafield>
      <marc:datafield tag="720" ind1=" " ind2=" ">
         <marc:subfield code="a">National Educational Television and Radio Center</marc:subfield>
         <marc:subfield code="e">Broadcaster</marc:subfield>
         <marc:subfield code="0">http://id.loc.gov/authorities/names/n80050382</marc:subfield>
      </marc:datafield>
      <marc:datafield tag="720" ind1=" " ind2=" ">
         <marc:subfield code="a">WETA-TV</marc:subfield>
         <marc:subfield code="e">Cooperation/Association</marc:subfield>
         <marc:subfield code="0">http://id.loc.gov/authorities/names/n50052712</marc:subfield>
      </marc:datafield>
      <marc:datafield tag="720" ind1=" " ind2=" ">
         <marc:subfield code="a">McCarthy, Eugene J.</marc:subfield>
         <marc:subfield code="e">Interviewee</marc:subfield>
         <marc:subfield code="0">http://id.loc.gov/authorities/names/n80002307</marc:subfield>
      </marc:datafield>
      <marc:datafield tag="720" ind1=" " ind2=" ">
         <marc:subfield code="a">Niven,
         Paul</marc:subfield>
         <marc:subfield code="e">Interviewer</marc:subfield>
         <marc:subfield code="0">http://id.loc.gov/authorities/names/no2005104450</marc:subfield>
      </marc:datafield>
      <marc:datafield tag="720" ind1=" " ind2=" ">
         <marc:subfield code="a">Karayn,
         Jim</marc:subfield>
         <marc:subfield code="e">Producer</marc:subfield>
         <marc:subfield code="0">http://id.loc.gov/authorities/names/no99034842</marc:subfield>
      </marc:datafield>
      <marc:datafield tag="720" ind1=" " ind2=" ">
         <marc:subfield code="a">Schindler,
         Max</marc:subfield>
         <marc:subfield code="e">Director</marc:subfield>
         <marc:subfield code="0">http://id.loc.gov/authorities/names/no99020528</marc:subfield>
      </marc:datafield>
      <marc:datafield tag="260" ind1=" " ind2=" ">
         <marc:subfield code="c">1968-7-15</marc:subfield>
      </marc:datafield>
      <marc:datafield tag="520" ind1=" " ind2=" ">
         <marc:subfield code="a">From NET microfiche (S): Senator Eugene McCarthy stated that, if elected
         president, he would appeal directly to the people when he felt the urgency of gaining
         passage of legislation over the heads of Congress. McCarthy, interviewed in the office of
         the president of American University explained, however, that the most effective way of
         dealing with Congress was to encourage that body to identify itself with a legislative
         program. He added that the current conflict between President Johnson and the House Ways
         and Means Committee results from the President's limited understanding of the committee's
         function. McCarthy credited the current campaign with restoring the two-party system to
         American politics; there will, he continued, be a clear choice between the Republican and
         Democratic candidates. He felt, however, that there would be a concerted move toward a
         three-party system by 1972. He ruled himself out as a third-party candidate for the present
         election, noting that he intends to test his system of New Politics within his own party.
         He defined his New Politics as a major change in the party on a fundamental issue, which in
         this case earned support of non-politicians and non-organization people. He rated the late
         Senator Kennedy as his main competitor prior to the assassination, and explained that the
         Senator's popularity with minority groups was based on 10 years of exposure and an ability
         to talk directly to them. Based on his own record and understanding of the problems of the
         minorities, Senator McCarthy felt that he did not have to compete with Richard Nixon or
         anyone else for minority support. The Senator indicated that rioting - and violence in
         general - were not new reactions by underprivileged people. He called for a change in the
         nominating procedure to allow more responsible decision making at conventions. He said that
         he was prepared to give an equal share of the delegates his own state of Minnesota to the
         opposition, and he indicated that he had legitimate reasons for protesting the party's
         assigning of delegates in this campaign. If elected, Senator McCarthy said that he would
         view the presidency as an office rather than as a job. The presidency, he explained, should
         not be personalized or handled possessively, since it is - like a Senator's position - a
         public charge.</marc:subfield>
      </marc:datafield>
      <marc:datafield tag="337" ind1=" " ind2=" ">
         <marc:subfield code="a">Moving Image</marc:subfield>
         <marc:subfield code="2">MAVIS media type controlled vocabulary</marc:subfield>
      </marc:datafield>
      <marc:datafield tag="024" ind1="8" ind2=" ">
         <marc:subfield code="a">2421749</marc:subfield>
         <marc:subfield code="2">MAVIS Title Number</marc:subfield>
      </marc:datafield>
      <marc:datafield tag="024" ind1="8" ind2=" ">
         <marc:subfield code="a">NJMP</marc:subfield>
         <marc:subfield code="2">NET/PBS NOLA</marc:subfield>
      </marc:datafield>
      <marc:datafield tag="024" ind1="8" ind2=" ">
         <marc:subfield code="a">0</marc:subfield>
         <marc:subfield code="2">NET/PBS number</marc:subfield>
      </marc:datafield>
      <marc:datafield tag="546" ind1=" " ind2=" ">
         <marc:subfield code="a">English</marc:subfield>
      </marc:datafield>
      <marc:datafield tag="653" ind1=" " ind2=" ">
         <marc:subfield code="a"/>
      </marc:datafield>
      <marc:datafield tag="653" ind1=" " ind2=" ">
         <marc:subfield code="a">Presidents--United
         States--Election--1968</marc:subfield>
         <marc:subfield code="0">http://id.loc.gov/authorities/subjects/sh2008109960</marc:subfield>
      </marc:datafield>
      <marc:datafield tag="653" ind1=" " ind2=" ">
         <marc:subfield code="a">McCarthy, Eugene J.</marc:subfield>
         <marc:subfield code="0">http://id.loc.gov/authorities/names/n80002307</marc:subfield>
      </marc:datafield>
      <marc:datafield tag="245" ind1="0" ind2="0">
         <marc:subfield code="a">NET journal. Senator McCarthy on 'The New Politics'
         and the presidency.</marc:subfield>
         <marc:subfield code="b">NET journal presents ; facilities by WETA-TV,
         Washington, D.C. ; producer, Jim Karayn ; director, Max Schindler.</marc:subfield>
      </marc:datafield>
      <marc:datafield tag="246" ind1="3" ind2="3">
         <marc:subfield code="a">New politics and the
         Presidency.</marc:subfield>
      </marc:datafield>
      <marc:datafield tag="246" ind1="3" ind2="3">
         <marc:subfield code="a">NET journal presents. Sen. McCarthy on
         'The New Politics' and the presidency.</marc:subfield>
      </marc:datafield>
      <marc:datafield tag="246" ind1="3" ind2="3">
         <marc:subfield code="a">NET journal. McCarthy and the
         presidency.</marc:subfield>
      </marc:datafield>
      <marc:datafield tag="246" ind1="3" ind2="3">
         <marc:subfield code="a">McCarthy and the
         presidency.</marc:subfield>
      </marc:datafield>
      <marc:datafield tag="246" ind1="3" ind2="3">
         <marc:subfield code="a">Senator McCarthy on 'The New Politics'
         and the presidency.</marc:subfield>
      </marc:datafield>
      <marc:datafield tag="655" ind1=" " ind2="0">
         <marc:subfield code="a">Nonfiction television programs
         (lcgft)</marc:subfield>
         <marc:subfield code="0">http://id.loc.gov/authorities/genreForms/gf2011026425</marc:subfield>
      </marc:datafield>
      <marc:datafield tag="655" ind1=" " ind2="0">
         <marc:subfield code="a">Public affairs television programs
         (lcgft)</marc:subfield>
         <marc:subfield code="0">http://id.loc.gov/authorities/genreForms/gf2011026476</marc:subfield>
      </marc:datafield>
      <marc:datafield tag="655" ind1=" " ind2="0">
         <marc:subfield code="a">Television interviews
         (lcgft)</marc:subfield>
         <marc:subfield code="0">http://id.loc.gov/authorities/genreForms/gf2011026662\n</marc:subfield>
      </marc:datafield>
   </marc:record>