
   <marc:record>
      <marc:leader>      am         3u     </marc:leader>
      <marc:datafield tag="042" ind1=" " ind2=" ">
         <marc:subfield code="a">dc</marc:subfield>
      </marc:datafield>
      <marc:datafield tag="720" ind1=" " ind2=" ">
         <marc:subfield code="a">National Educational Television and Radio Center</marc:subfield>
         <marc:subfield code="e">Broadcaster</marc:subfield>
         <marc:subfield code="0">http://id.loc.gov/authorities/names/n80050382</marc:subfield>
      </marc:datafield>
      <marc:datafield tag="720" ind1=" " ind2=" ">
         <marc:subfield code="a">Seale,
         Bobby</marc:subfield>
         <marc:subfield code="e">Interviewee</marc:subfield>
         <marc:subfield code="0">http://id.loc.gov/authorities/names/n50004907</marc:subfield>
      </marc:datafield>
      <marc:datafield tag="720" ind1=" " ind2=" ">
         <marc:subfield code="a">Newman, Francisco</marc:subfield>
         <marc:subfield code="e">Interviewer</marc:subfield>
      </marc:datafield>
      <marc:datafield tag="720" ind1=" " ind2=" ">
         <marc:subfield code="a">Willis,
         Allen</marc:subfield>
         <marc:subfield code="e">Cameraman</marc:subfield>
         <marc:subfield code="0">http://id.loc.gov/authorities/names/no2011045028</marc:subfield>
      </marc:datafield>
      <marc:datafield tag="720" ind1=" " ind2=" ">
         <marc:subfield code="a">Prisadsky,
         Alex</marc:subfield>
         <marc:subfield code="e">Sound</marc:subfield>
         <marc:subfield code="0">http://id.loc.gov/authorities/names/no91004577</marc:subfield>
      </marc:datafield>
      <marc:datafield tag="720" ind1=" " ind2=" ">
         <marc:subfield code="a">KQED-TV</marc:subfield>
         <marc:subfield code="e">Production Company</marc:subfield>
         <marc:subfield code="0">http://id.loc.gov/authorities/names/no2016031835</marc:subfield>
      </marc:datafield>
      <marc:datafield tag="720" ind1=" " ind2=" ">
         <marc:subfield code="a">Weston, William</marc:subfield>
         <marc:subfield code="e">Producer</marc:subfield>
      </marc:datafield>
      <marc:datafield tag="720" ind1=" " ind2=" ">
         <marc:subfield code="a">Newman, Francisco</marc:subfield>
         <marc:subfield code="e">Producer</marc:subfield>
      </marc:datafield>
      <marc:datafield tag="260" ind1=" " ind2=" ">
         <marc:subfield code="c">1970-8-17</marc:subfield>
      </marc:datafield>
      <marc:datafield tag="520" ind1=" " ind2=" ">
         <marc:subfield code="a">From NET microfiche: This rare interview with controversial Black Panther
         leader Bobby Seale, filmed during his incarceration in San Francisco's City Jail, profiles
         a man whose revolutionary zeal is undeterred by prison life. Prison for Bobby Seale is
         merely a microcosm of the real world, where the revolution must be continued or even
         intensified. But pleasures are relegated to the realm of dreams. "You analyze society, when
         you're in jail, if you're a political person," says Seale. "You analyze what's happening.
         You know. You begin to see things naked  You can see cops, man, look like punks. See what
         I mean? And you look at 'em, you see - can't forget 'em - mess their minds up, you know.
         And you desire to be home." Seale minces no words in describing his opinion of prison
         guards ("mad dog, mad ex-policeman, ex DA's you know. They're kind of rejects.") And he
         describes the brutality to which he has been subjected. He relates an occasion on which he
         was reading a Black Panther Party newspaper. As a result, a prison guard then threatened to
         revoke Seale's visiting privileges, though he contended that the paper was given to him by
         another guard. He responded by calling the guard a "pig." The next morning, he says, they
         took him to "the hole," which he describes as "just a box. There's no bed in there; you
         have no blankets in there; you have no toilet." He relates in detail how the guards
         strangled him until he was unconscious, and when he awoke, his throat was so hoarse he
         couldn't speak." He contends that these brutal measures did not weaken his resolve or break
         his morale. "You see, this is the way you beat the cat. See, when you're a revolutionary
         you don't - you know, they can't break your spirit that way  They are the ones who really
         couldn't stand to be in there. That's why they create that kind of thing." Seale discusses
         his childhood in the Oakland ghetto and explains how he was discharged from military
         service ("'cause I got in an argument with a white colonel who thought he was God.") He
         reveals how he used to work as a punch-line comedian and displays his gift as a mimic in a
         short monologue about Marshall Dillon and Chester, of TV's "Gunsmoke." At that time,
         however, he met Huey P. Newton and committed his life to revolution. "I used to create some
         jokes. But you can't tell jokes about the revolution; the revolution is real. And you can't
         tell jokes about life all the time, 'cause life is real. You got to solve it, you know."
         The show, "Staggerlee" bears the name of Seale's son, Malik Nkrumah Staggerlee Seale. The
         name, taken from black folklore, refers to a character named Stagger Lee who lost all his
         money and his Stetson to "a cat named Billie" in a New Orleans poker game. Enraged, he shot
         Billie dead. "Staggerlee" subsequently has become a legendary figure identified with the
         black man born in the ghetto, where vice and evil are everywhere. "That's life. All the
         little young Staggerlees, a lot of 'em, millions of 'em - you know what I mean? The poor,
         oppressed black American  and I named that brother little boy Staggerlee because that's
         what his name is." "Staggerlee - A Conversation with Bobby Seale" is a NET presentation,
         produced by KQED, San Francisco. Producer and interviewer: Francisco Newman. Cameraman:
         Allen Willis. Sound Alex Prisadsky. NET Producer: William Weston.</marc:subfield>
      </marc:datafield>
      <marc:datafield tag="337" ind1=" " ind2=" ">
         <marc:subfield code="a">Moving Image</marc:subfield>
         <marc:subfield code="2">MAVIS media type controlled vocabulary</marc:subfield>
      </marc:datafield>
      <marc:datafield tag="024" ind1="8" ind2=" ">
         <marc:subfield code="a">2421412</marc:subfield>
         <marc:subfield code="2">MAVIS Title Number</marc:subfield>
      </marc:datafield>
      <marc:datafield tag="024" ind1="8" ind2=" ">
         <marc:subfield code="a">NJST</marc:subfield>
         <marc:subfield code="2">NET/PBS NOLA</marc:subfield>
      </marc:datafield>
      <marc:datafield tag="024" ind1="8" ind2=" ">
         <marc:subfield code="a">0 (PBS-1994.xls Excel spreadsheet)</marc:subfield>
         <marc:subfield code="2">NET/PBS number</marc:subfield>
      </marc:datafield>
      <marc:datafield tag="024" ind1="8" ind2=" ">
         <marc:subfield code="a">284 (NET microfiche)</marc:subfield>
         <marc:subfield code="2">NET/PBS number</marc:subfield>
      </marc:datafield>
      <marc:datafield tag="546" ind1=" " ind2=" ">
         <marc:subfield code="a">English</marc:subfield>
      </marc:datafield>
      <marc:datafield tag="653" ind1=" " ind2=" ">
         <marc:subfield code="a">Black militant organizations--United
         States</marc:subfield>
         <marc:subfield code="0">http://id.loc.gov/authorities/subjects/sh85014588</marc:subfield>
      </marc:datafield>
      <marc:datafield tag="653" ind1=" " ind2=" ">
         <marc:subfield code="a">Black power--United States</marc:subfield>
         <marc:subfield code="0">http://id.loc.gov/authorities/subjects/sh85014603</marc:subfield>
      </marc:datafield>
      <marc:datafield tag="653" ind1=" " ind2=" ">
         <marc:subfield code="a">African American prisoners</marc:subfield>
         <marc:subfield code="0">http://id.loc.gov/authorities/subjects/sh85001890</marc:subfield>
      </marc:datafield>
      <marc:datafield tag="653" ind1=" " ind2=" ">
         <marc:subfield code="a">Black Panther Party</marc:subfield>
         <marc:subfield code="0">http://id.loc.gov/authorities/names/n80095585</marc:subfield>
      </marc:datafield>
      <marc:datafield tag="653" ind1=" " ind2=" ">
         <marc:subfield code="a">Seale, Bobby</marc:subfield>
         <marc:subfield code="0">http://id.loc.gov/authorities/names/n50004907</marc:subfield>
      </marc:datafield>
      <marc:datafield tag="245" ind1="0" ind2="0">
         <marc:subfield code="a">NET journal. Staggerlee--a conversation with Bobby
         Seale.</marc:subfield>
         <marc:subfield code="b">KQED, San Francisco ; NET presentation ;
         producer, Francisco Newman ; NET producer, William Wetson.</marc:subfield>
      </marc:datafield>
      <marc:datafield tag="246" ind1="3" ind2="3">
         <marc:subfield code="a">Staggerlee--a conversation with Bobby
         Seale.</marc:subfield>
      </marc:datafield>
      <marc:datafield tag="246" ind1="3" ind2="3">
         <marc:subfield code="a">A conversation with Bobby
         Seale.</marc:subfield>
      </marc:datafield>
      <marc:datafield tag="246" ind1="3" ind2="3">
         <marc:subfield code="a">NET journal
         #284--Staggerlee--a conversation with Bobby Seale.</marc:subfield>
      </marc:datafield>
      <marc:datafield tag="246" ind1="3" ind2="3">
         <marc:subfield code="a">NET journal. [No. 284], Staggerlee--a conversation
         with Bobby Seale.</marc:subfield>
      </marc:datafield>
      <marc:datafield tag="655" ind1=" " ind2="0">
         <marc:subfield code="a">Documentary television programs
         (lcgft)</marc:subfield>
         <marc:subfield code="0">http://id.loc.gov/authorities/genreForms/gf2011026207</marc:subfield>
      </marc:datafield>
      <marc:datafield tag="655" ind1=" " ind2="0">
         <marc:subfield code="a">Nonfiction television programs
         (lcgft)</marc:subfield>
         <marc:subfield code="0">http://id.loc.gov/authorities/genreForms/gf2011026425</marc:subfield>
      </marc:datafield>
      <marc:datafield tag="655" ind1=" " ind2="0">
         <marc:subfield code="a">Television interviews
         (lcgft)</marc:subfield>
         <marc:subfield code="0">http://id.loc.gov/authorities/genreForms/gf2011026662\n</marc:subfield>
      </marc:datafield>
   </marc:record>