
   <marc:record>
      <marc:leader>      am         3u     </marc:leader>
      <marc:datafield tag="042" ind1=" " ind2=" ">
         <marc:subfield code="a">dc</marc:subfield>
      </marc:datafield>
      <marc:datafield tag="720" ind1=" " ind2=" ">
         <marc:subfield code="a">Rustin,
         Bayard</marc:subfield>
         <marc:subfield code="e">Appearing</marc:subfield>
         <marc:subfield code="0">http://id.loc.gov/authorities/names/n87809562</marc:subfield>
      </marc:datafield>
      <marc:datafield tag="720" ind1=" " ind2=" ">
         <marc:subfield code="a">National Educational Television and Radio Center</marc:subfield>
         <marc:subfield code="e">Broadcaster</marc:subfield>
         <marc:subfield code="0">http://id.loc.gov/authorities/names/n80050382</marc:subfield>
      </marc:datafield>
      <marc:datafield tag="720" ind1=" " ind2=" ">
         <marc:subfield code="a">Davis,
         Ossie</marc:subfield>
         <marc:subfield code="e">Narrator</marc:subfield>
         <marc:subfield code="0">http://id.loc.gov/authorities/names/n82059429</marc:subfield>
      </marc:datafield>
      <marc:datafield tag="720" ind1=" " ind2=" ">
         <marc:subfield code="a">Bond,
         Julian</marc:subfield>
         <marc:subfield code="e">Appearing</marc:subfield>
         <marc:subfield code="0">http://id.loc.gov/authorities/names/n84011307</marc:subfield>
      </marc:datafield>
      <marc:datafield tag="720" ind1=" " ind2=" ">
         <marc:subfield code="a">Johnson,
         John H. (John Harold)</marc:subfield>
         <marc:subfield code="e">Appearing</marc:subfield>
         <marc:subfield code="0">http://id.loc.gov/authorities/names/n88141969</marc:subfield>
      </marc:datafield>
      <marc:datafield tag="720" ind1=" " ind2=" ">
         <marc:subfield code="a">Johnson,
         Robert E. (Robert Edward), 1922-1995</marc:subfield>
         <marc:subfield code="e">Appearing</marc:subfield>
         <marc:subfield code="0">http://id.loc.gov/authorities/names/n90677281</marc:subfield>
      </marc:datafield>
      <marc:datafield tag="720" ind1=" " ind2=" ">
         <marc:subfield code="a">Greaves,
         William</marc:subfield>
         <marc:subfield code="e">Producer</marc:subfield>
         <marc:subfield code="0">http://id.loc.gov/authorities/names/n50033530</marc:subfield>
      </marc:datafield>
      <marc:datafield tag="720" ind1=" " ind2=" ">
         <marc:subfield code="a">National Educational Television and Radio Center</marc:subfield>
         <marc:subfield code="e">Production Company</marc:subfield>
         <marc:subfield code="0">http://id.loc.gov/authorities/names/n80050382</marc:subfield>
      </marc:datafield>
      <marc:datafield tag="720" ind1=" " ind2=" ">
         <marc:subfield code="a">William Greaves Productions</marc:subfield>
         <marc:subfield code="e">Production Company</marc:subfield>
         <marc:subfield code="0">http://id.loc.gov/authorities/names/n81076891</marc:subfield>
      </marc:datafield>
      <marc:datafield tag="720" ind1=" " ind2=" ">
         <marc:subfield code="a">Branch,
         William B.</marc:subfield>
         <marc:subfield code="e">Producer</marc:subfield>
         <marc:subfield code="0">http://id.loc.gov/authorities/names/n92054646</marc:subfield>
      </marc:datafield>
      <marc:datafield tag="260" ind1=" " ind2=" ">
         <marc:subfield code="c">1968-4-29</marc:subfield>
      </marc:datafield>
      <marc:datafield tag="520" ind1=" " ind2=" ">
         <marc:subfield code="a">"NET DOCUMENTARY 48: NET JOURNAL: "Still a Brother--Inside the Negro Middle
         Class" is from NET JOURNAL series (host is Ossie Davis--2 reels) William Greaves film
         (4/29/68)"--J. Fred MacDonald catalogue. From M/B/RS Film and Television catalog: Discusses
         the behavior and aspirations of the Negro middle class, the nature of the society which
         parallels but is completely separate from the white counterpart, problems of housing in
         prestigious communities and resorts, the risk of black culture, and the role of religion in
         a period of black nationalism. From NET microfiche (S): NOTE: A note by Bob Freedman dated
         May 27, 1968 states, "Foreign and audiovisual rights to the NET program STILL A BROTHER
         have been returned to the producers, William Greaves Productions; 157-10 Riverside Drive
         West, New York, New York. This documentary is about the Negro and his two-way odyssey -
         into the white middle class and back to filmmakers - William B. Branch and William Greaves
         - providing it with a special viewpoint as it moves among the various strata of Negro life.
         The program begins with scenes from a world that is black in only one regard - skin color.
         On the golf course or on a yacht, at a beauty contest or a cotillion, the Negro is seen as
         he adopts the white norm. Usually the function is attended by Negroes alone, except in the
         case of the integrated Annual Evening of Elegance, which is shown here at the Westchester
         estate of Mrs. Sidney Poitier. It is this society which sociologist E. Franklin Frazier
         described in his book "Black Bourgeoisie," and which the documentary parodied in a dream
         sequence inhabited by Negro polo and tennis players cavorting affectedly with a buxom
         blonde Negress. In this portion, the program also explores the source of the Negro's upward
         mobility - better job opportunities and some access to suburban housing. The program notes
         that five million Negroes - one in four - have attained middle class income, and that the
         Negro market now totals $32 billion. But being "middle class" is not merely a matter of
         income. It is a question of behavior, of aspirations, of respectability, according to
         sociologist St. Clair Drake of Roosevelt University. And it is here that the break occurs.
         Though many Negroes remain committed to the suburban, basically white, aspiration, others
         have become affected by the black movement. Ralph Featherstone of SNCC contends that "there
         is no black middle class." A social habit such as the evening of elegance "hinders the
         struggle  for modern genuine radicalism," says Featherstone. The viewpoint emerges most
         poignantly in the case of Horace Morris, associate director of the Urban League in
         Washington, DC, and former footballer at Syracuse University. Morris recounts his presence
         in Newark at the time of riots, when the police irresponsibly opened fire on his car,
         mortally wounding his stepfather and injuring his brother as well. Until then, Morris had
         accepted the "fallacy that ability is enough." But, he realized, "no matter how far up the
         economic ladder you climb, there's still the oppressive prejudice of the white man  You're
         still a brother." Morris notes that his son, a high school senior, suffers fewer illusions.
         The program depicts the young Negro, especially at a traditionally conservative school such
         as Howard University as taking the forefront of the new militancy. This militancy takes its
         most severe form in the riots, seen here briefly. But its most profound expression is the
         "mental revolution," ranging from a new kind of religion ("Jesus isn't in that bag,"
         explains a preacher, denouncing the "white nationalist" drift of historical Christianity)
         to a campaign that "black is beautiful." The latter trend involves a pride in one's African
         heritage, ranging from hair styles to art collections, and from an appreciation of "soul"
         food to a rejection of the television image with its "Nordic standards of beauty." In its
         wide-ranging study of the Negro in American society, the documentary recapitulates such
         recent events as the Washington march of 1963, the President's civil rights program in
         cities like Newark and Detroit. It helps, thereby to chart the Negro's drive not merely for
         middle class status, but for self-definition. Among those appearing on the program are John
         H. Johnson, president of Johnson Publishing Co.; Robert Johnson, editor of Jet magazine;
         Julian Bond, Georgia legislator; Bayard Rustin, director of the A. Philip Randolph
         Institute; Dr. Percy Julian, Chicago millionaire; Dr. Dennis Jackson, summer's Newark Black
         Power Conference; and Mrs. Millie Jackson, Atlanta psychologist.</marc:subfield>
      </marc:datafield>
      <marc:datafield tag="337" ind1=" " ind2=" ">
         <marc:subfield code="a">Moving Image</marc:subfield>
         <marc:subfield code="2">MAVIS media type controlled vocabulary</marc:subfield>
      </marc:datafield>
      <marc:datafield tag="024" ind1="8" ind2=" ">
         <marc:subfield code="a">2005096</marc:subfield>
         <marc:subfield code="2">MAVIS Title Number</marc:subfield>
      </marc:datafield>
      <marc:datafield tag="024" ind1="8" ind2=" ">
         <marc:subfield code="a">MP 18606</marc:subfield>
         <marc:subfield code="2">Copyright Registration Number</marc:subfield>
      </marc:datafield>
      <marc:datafield tag="024" ind1="8" ind2=" ">
         <marc:subfield code="a">Fi A 68002704 (record not found
         7/12/2017)</marc:subfield>
         <marc:subfield code="2">Library of Congress Control Number</marc:subfield>
      </marc:datafield>
      <marc:datafield tag="546" ind1=" " ind2=" ">
         <marc:subfield code="a">English</marc:subfield>
      </marc:datafield>
      <marc:datafield tag="787" ind1="0" ind2=" ">
         <marc:subfield code="w">2457344</marc:subfield>
         <marc:subfield code="n">MAVIS id number</marc:subfield>
      </marc:datafield>
      <marc:datafield tag="653" ind1=" " ind2=" ">
         <marc:subfield code="a">Middle class--United States</marc:subfield>
         <marc:subfield code="0">http://id.loc.gov/authorities/subjects/sh2007003528</marc:subfield>
      </marc:datafield>
      <marc:datafield tag="653" ind1=" " ind2=" ">
         <marc:subfield code="a">African Americans</marc:subfield>
         <marc:subfield code="0">http://id.loc.gov/authorities/subjects/sh85001932</marc:subfield>
      </marc:datafield>
      <marc:datafield tag="245" ind1="0" ind2="0">
         <marc:subfield code="a">NET journal. Still a brother: Inside the Negro middle
         class. [90-minute version].</marc:subfield>
         <marc:subfield code="b">a production of William Greaves Productions
         and National Educational Television ; co-producers, William Branch, William
         Greaves.</marc:subfield>
      </marc:datafield>
      <marc:datafield tag="246" ind1="3" ind2="3">
         <marc:subfield code="a">Still a brother: Inside the Negro
         middle class.</marc:subfield>
      </marc:datafield>
      <marc:datafield tag="246" ind1="3" ind2="3">
         <marc:subfield code="a">Inside the Negro middle
         class.</marc:subfield>
      </marc:datafield>
      <marc:datafield tag="246" ind1="3" ind2="3">
         <marc:subfield code="a">Still a brother.</marc:subfield>
      </marc:datafield>
      <marc:datafield tag="246" ind1="3" ind2="3">
         <marc:subfield code="a">NET journal. [1968-04-29]. Still a brother: Inside
         the Negro middle class.</marc:subfield>
      </marc:datafield>
      <marc:datafield tag="246" ind1="3" ind2="3">
         <marc:subfield code="a">NET journal. [No. 248], Still a brother: Inside the
         Negro middle class.</marc:subfield>
      </marc:datafield>
      <marc:datafield tag="655" ind1=" " ind2="0">
         <marc:subfield code="a">Documentary television programs
         (lcgft)</marc:subfield>
         <marc:subfield code="0">http://id.loc.gov/authorities/genreForms/gf2011026207</marc:subfield>
      </marc:datafield>
      <marc:datafield tag="655" ind1=" " ind2="0">
         <marc:subfield code="a">Nonfiction television programs
         (lcgft)</marc:subfield>
         <marc:subfield code="0">http://id.loc.gov/authorities/genreForms/gf2011026425</marc:subfield>
      </marc:datafield>
      <marc:datafield tag="655" ind1=" " ind2="0">
         <marc:subfield code="a">Public affairs television programs
         (lcgft)</marc:subfield>
         <marc:subfield code="0">http://id.loc.gov/authorities/genreForms/gf2011026476</marc:subfield>
      </marc:datafield>
   </marc:record>