
   <marc:record>
      <marc:leader>      am         3u     </marc:leader>
      <marc:datafield tag="042" ind1=" " ind2=" ">
         <marc:subfield code="a">dc</marc:subfield>
      </marc:datafield>
      <marc:datafield tag="720" ind1=" " ind2=" ">
         <marc:subfield code="a">Hagerty, James Campbell</marc:subfield>
         <marc:subfield code="e">Participant</marc:subfield>
      </marc:datafield>
      <marc:datafield tag="720" ind1=" " ind2=" ">
         <marc:subfield code="a">National Educational Television and Radio Center</marc:subfield>
         <marc:subfield code="e">Broadcaster</marc:subfield>
         <marc:subfield code="0">http://id.loc.gov/authorities/names/n80050382</marc:subfield>
      </marc:datafield>
      <marc:datafield tag="720" ind1=" " ind2=" ">
         <marc:subfield code="a">Moyers, Bill D.</marc:subfield>
         <marc:subfield code="e">Participant</marc:subfield>
         <marc:subfield code="0">http://id.loc.gov/authorities/names/n81024550</marc:subfield>
      </marc:datafield>
      <marc:datafield tag="720" ind1=" " ind2=" ">
         <marc:subfield code="a">Rather, Dan</marc:subfield>
         <marc:subfield code="e">Participant</marc:subfield>
         <marc:subfield code="0">http://id.loc.gov/authorities/names/n81032937</marc:subfield>
      </marc:datafield>
      <marc:datafield tag="720" ind1=" " ind2=" ">
         <marc:subfield code="a">Salinger, Pierre</marc:subfield>
         <marc:subfield code="e">Participant</marc:subfield>
         <marc:subfield code="0">http://id.loc.gov/authorities/names/n50016587</marc:subfield>
      </marc:datafield>
      <marc:datafield tag="720" ind1=" " ind2=" ">
         <marc:subfield code="a">Morgan,
         Edward P.</marc:subfield>
         <marc:subfield code="e">Moderator</marc:subfield>
         <marc:subfield code="0">http://id.loc.gov/authorities/names/no00062865</marc:subfield>
      </marc:datafield>
      <marc:datafield tag="720" ind1=" " ind2=" ">
         <marc:subfield code="a"/>
         <marc:subfield code="e">Undetermined</marc:subfield>
      </marc:datafield>
      <marc:datafield tag="720" ind1=" " ind2=" ">
         <marc:subfield code="a">McGee,
         Frank</marc:subfield>
         <marc:subfield code="e">Participant</marc:subfield>
         <marc:subfield code="0">http://id.loc.gov/authorities/names/n86140003</marc:subfield>
      </marc:datafield>
      <marc:datafield tag="720" ind1=" " ind2=" ">
         <marc:subfield code="a">National Educational Television and Radio Center</marc:subfield>
         <marc:subfield code="e">Production Company</marc:subfield>
         <marc:subfield code="0">http://id.loc.gov/authorities/names/n80050382</marc:subfield>
      </marc:datafield>
      <marc:datafield tag="720" ind1=" " ind2=" ">
         <marc:subfield code="a">Perlmutter, Al</marc:subfield>
         <marc:subfield code="e">Executive Producer</marc:subfield>
         <marc:subfield code="0">http://id.loc.gov/authorities/names/nr95001160</marc:subfield>
      </marc:datafield>
      <marc:datafield tag="260" ind1=" " ind2=" ">
         <marc:subfield code="c">1968-2-26</marc:subfield>
      </marc:datafield>
      <marc:datafield tag="260" ind1=" " ind2=" ">
         <marc:subfield code="c">1968-2-14</marc:subfield>
      </marc:datafield>
      <marc:datafield tag="520" ind1=" " ind2=" ">
         <marc:subfield code="a">From NET microfiche (T): Program Description 1: This program presents
         highlights from a panel discussion on television news coverage at the White House. The
         discussion will take place February 14, at the New York Hilton Hotel, under the aegis of
         the New York Chapter of the National Academy of Television Arts and Sciences. Participants
         include three former presidential press secretaries: James C. Hagerty (under Eisenhower),
         Pierre Salinger (under Kennedy and Johnson) and Bill D. Moyers (under Johnson). Also on the
         panel are Frank McGee of NBC and Dan Rather of CBS. Moderator is Edward P. Morgan of the
         Public Broadcast Laboratory of NET. Program Description 2: This program, much of which was
         carried live on WNDT Channel 13 and other Eastern stations, features the recollections of
         three former Presidential press secretaries on the growth of television coverage of the
         White House and its uses (and occasional abuses) by the President. Participants are
         ex-secretaries Pierre Salinger, James Hagerty, and Bill D. Moyers; and newsmen Dan Rather,
         Frank McGee, and Edward P. Morgan. Highlights follow: Salinger: "Both the Kennedy and
         Johnson administrations have tried to put the best possible face on Vietnam, even at times
         when the facts would show to the contrary. I think that some of the predictions that were
         made about how soon the war would end ... have led to the serious problems that the current
         administration has with the American people on Vietnam. " Moyers, questioning "whether or
         not it is right or fair or wise for one man to have to work within an inherited situation,"
         elaborates: "Mr. Kennedy was a superb performer before television; Mr. Johnson is not... I
         just don't think television is suited to every President's using it." Among the program's
         highlights are Moyers' recounting of the day when LBJ was being admitted secretly into
         Bethesda Hospital upon closing of the stock market; Salinger's explanation of the handling
         of the Cuban crisis; and Hagerty's recollections on the inclusion of television
         correspondents in the Presidential pool. Additional Description from NET Press Release:
         Three former Presidential press secretaries reveal reasons for the deepening ''credibility
         gulch" on NET Journal -- "Television and the White House," __ at ___ on Channel ___. Pierre
         Salinger, who served under Presidents Kennedy and Johnson, concedes that both
         Administrations contributed to the present dissatisfaction over Vietnam by trying "to put
         the best possible face on Vietnam, even at times when the facts would show to the
         contrary." Bill Moyers, a more recent Johnson aide, stresses the need for secrecy in many
         major policy matters. In the aftermath of the Pueblo incident, "the Administration
         permitted the press to hustle its priorities and ... succumbed all too quickly to the
         appetite of the press for comment." Other panelists are former Eisenhower aide James
         Hagerty and newsmen Dan Rather of CBS, Frank McGee of NBC, and moderator Edward P. Morgan
         of the PBL of NET. The program was taped February 14 at the meeting of the New York Chapter
         of the Television Academy of Arts and Sciences, held in the New York Hilton. Moyers is
         critical of the fact that one man must "work within an inherited situation." Specifically,
         "Mr. Kennedy was a superb performer before television; Mr. Johnson is not.... I don't think
         television is suited to every president's using it." Moyers also recounts the day when Mr.
         Johnson waited until the stock market closed before admitting that he was entering Bethesda
         Hospital. Salinger describes the subterfuge involved in President Kennedy's movements on
         the weekend prior to the Cuban missile crisis. And Hagerty elaborates on his decision to
         include television correspondents in the President's regular news pool. Suggested Newspaper
         Listing: NET JOURNAL -- "Television and the White House": Television news coverage at the
         White House, is discussed by former Presidential press secretaries James C. Hagerty, Pierre
         Salinger, and Bill D. Moyers, and newsmen Edward P. Morgan, Frank McGee, and Dan
         Rather.</marc:subfield>
      </marc:datafield>
      <marc:datafield tag="337" ind1=" " ind2=" ">
         <marc:subfield code="a">Moving Image</marc:subfield>
         <marc:subfield code="2">MAVIS media type controlled vocabulary</marc:subfield>
      </marc:datafield>
      <marc:datafield tag="024" ind1="8" ind2=" ">
         <marc:subfield code="a">2424507</marc:subfield>
         <marc:subfield code="2">MAVIS Title Number</marc:subfield>
      </marc:datafield>
      <marc:datafield tag="024" ind1="8" ind2=" ">
         <marc:subfield code="a">NJTW</marc:subfield>
         <marc:subfield code="2">NET/PBS NOLA</marc:subfield>
      </marc:datafield>
      <marc:datafield tag="024" ind1="8" ind2=" ">
         <marc:subfield code="a">0 (PBS-1994.xls)</marc:subfield>
         <marc:subfield code="2">NET/PBS number</marc:subfield>
      </marc:datafield>
      <marc:datafield tag="024" ind1="8" ind2=" ">
         <marc:subfield code="a">176 (NET microfiche)</marc:subfield>
         <marc:subfield code="2">Episode Number</marc:subfield>
      </marc:datafield>
      <marc:datafield tag="546" ind1=" " ind2=" ">
         <marc:subfield code="a">English</marc:subfield>
      </marc:datafield>
      <marc:datafield tag="653" ind1=" " ind2=" ">
         <marc:subfield code="a">Television broadcasting of
         news</marc:subfield>
         <marc:subfield code="0">http://id.loc.gov/authorities/subjects/sh85133518</marc:subfield>
      </marc:datafield>
      <marc:datafield tag="653" ind1=" " ind2=" ">
         <marc:subfield code="a">White House
         (Washington, D.C.)</marc:subfield>
      </marc:datafield>
      <marc:datafield tag="245" ind1="0" ind2="0">
         <marc:subfield code="a">NET journal. Television and the White
         House.</marc:subfield>
         <marc:subfield code="b">a production of National Educational
         Television ; executive producer, A. H. Perlmutter.</marc:subfield>
      </marc:datafield>
      <marc:datafield tag="246" ind1="3" ind2="3">
         <marc:subfield code="a">Television and the White
         House.</marc:subfield>
      </marc:datafield>
      <marc:datafield tag="246" ind1="3" ind2="3">
         <marc:subfield code="a">TV and the White House.</marc:subfield>
      </marc:datafield>
      <marc:datafield tag="246" ind1="3" ind2="3">
         <marc:subfield code="a">NET journal. [No. 176], Television and the White
         House.</marc:subfield>
      </marc:datafield>
      <marc:datafield tag="655" ind1=" " ind2="0">
         <marc:subfield code="a">Nonfiction television programs
         (lcgft)</marc:subfield>
         <marc:subfield code="0">http://id.loc.gov/authorities/genreForms/gf2011026425</marc:subfield>
      </marc:datafield>
      <marc:datafield tag="655" ind1=" " ind2="0">
         <marc:subfield code="a">Public affairs television programs
         (lcgft)</marc:subfield>
         <marc:subfield code="0">http://id.loc.gov/authorities/genreForms/gf2011026476</marc:subfield>
      </marc:datafield>
      <marc:datafield tag="655" ind1=" " ind2="0">
         <marc:subfield code="a">Television panel discussions
         (lcgft)</marc:subfield>
         <marc:subfield code="0">http://id.loc.gov/authorities/genreForms/gf2011026668</marc:subfield>
      </marc:datafield>
   </marc:record>