
   <marc:record>
      <marc:leader>      am         3u     </marc:leader>
      <marc:datafield tag="042" ind1=" " ind2=" ">
         <marc:subfield code="a">dc</marc:subfield>
      </marc:datafield>
      <marc:datafield tag="720" ind1=" " ind2=" ">
         <marc:subfield code="a">National Educational Television and Radio Center</marc:subfield>
         <marc:subfield code="e">Broadcaster</marc:subfield>
         <marc:subfield code="0">http://id.loc.gov/authorities/names/n80050382</marc:subfield>
      </marc:datafield>
      <marc:datafield tag="720" ind1=" " ind2=" ">
         <marc:subfield code="a">Goldwater, Barry M.</marc:subfield>
         <marc:subfield code="e">Interviewee</marc:subfield>
         <marc:subfield code="0">http://id.loc.gov/authorities/names/n79144788</marc:subfield>
      </marc:datafield>
      <marc:datafield tag="720" ind1=" " ind2=" ">
         <marc:subfield code="a">Niven,
         Paul</marc:subfield>
         <marc:subfield code="e">Interviewer</marc:subfield>
         <marc:subfield code="0">http://id.loc.gov/authorities/names/no2005104450</marc:subfield>
      </marc:datafield>
      <marc:datafield tag="720" ind1=" " ind2=" ">
         <marc:subfield code="a">Miller, William E. (Wiliam Edward),
         1914-1983</marc:subfield>
         <marc:subfield code="e">Interviewee</marc:subfield>
      </marc:datafield>
      <marc:datafield tag="720" ind1=" " ind2=" ">
         <marc:subfield code="a">Sterne, Joseph R. L.</marc:subfield>
         <marc:subfield code="e">Interviewer</marc:subfield>
         <marc:subfield code="0">http://id.loc.gov/authorities/names/no2001025402</marc:subfield>
      </marc:datafield>
      <marc:datafield tag="720" ind1=" " ind2=" ">
         <marc:subfield code="a">National Educational Television and Radio Center</marc:subfield>
         <marc:subfield code="e">Production Company</marc:subfield>
         <marc:subfield code="0">http://id.loc.gov/authorities/names/n80050382</marc:subfield>
      </marc:datafield>
      <marc:datafield tag="720" ind1=" " ind2=" ">
         <marc:subfield code="a">Karayn,
         Jim</marc:subfield>
         <marc:subfield code="e">Producer</marc:subfield>
         <marc:subfield code="0">http://id.loc.gov/authorities/names/no99034842</marc:subfield>
      </marc:datafield>
      <marc:datafield tag="720" ind1=" " ind2=" ">
         <marc:subfield code="a">Schindler,
         Max</marc:subfield>
         <marc:subfield code="e">Director</marc:subfield>
         <marc:subfield code="0">http://id.loc.gov/authorities/names/no99020528</marc:subfield>
      </marc:datafield>
      <marc:datafield tag="260" ind1=" " ind2=" ">
         <marc:subfield code="c">1967-9-18</marc:subfield>
      </marc:datafield>
      <marc:datafield tag="260" ind1=" " ind2=" ">
         <marc:subfield code="c">1968-8-5</marc:subfield>
      </marc:datafield>
      <marc:datafield tag="260" ind1=" " ind2=" ">
         <marc:subfield code="c">1968-9-2</marc:subfield>
      </marc:datafield>
      <marc:datafield tag="520" ind1=" " ind2=" ">
         <marc:subfield code="a">From NET microfiche: Senator Barry Goldwater and Congressman William E. Miller
         discuss the humorous -- and serious -- aspects of their 1964 campaign for the presidency in
         an interview with NET correspondent Paul Niven and Joseph Sterne of the Baltimore Sun's
         Washington bureau. Reflecting on the convention, Goldwater reveals that "we had every cable
         of every television company and every radio company marked up in the loft of the Cow
         Palace. If anybody got a little too obnoxious to us, they could always have cable
         trouble... We had all kinds of things planned." Goldwater also recalls counter-espionage.
         During the campaign, Goldwater remarks that both sides practiced "counter-espionage" with
         the Democrats planting a "spy" on their train, and the Republicans having "entree into the
         Democratic plans." Goldwater notes that he was not humiliated by the election results. In
         fact, he relates to Miller, "the day of the nomination -- I didn't tell you about this
         because I didn't want to lose you -- our polls had shown us ... it was 80 per cent for
         Johnson-Humphrey and 20 per cent for Goldwater-Miller." On the campaign, Goldwater recalls
         instances which confirm his opinion of President Johnson as "probably the cutest, smartest,
         throat-cuttingest political operator I have ever run into." On one occasion during the
         campaign he and the President agreed -- at his suggestion -- to avoid the issue of civil
         rights, since "the laws are on the books, the people know that both you and I are concerned
         in this field, although he (Johnson) wasn't at the time... He agreed, and I hadn't even
         walked out of the Rose Garden and he had sent out a press release. Had it already written.
         " Some of Goldwater's reflections from the campaign to the present political scene,
         include: " High praise for Vice President Humphrey: "a man that is humorous, that is
         genuine, that is readily accepted by Republican and Democrat alike, and who can sound
         plausible where the President just can't sound plausible." " On his pre-campaign strategy:
         '"All we did was read the Kennedy book. And improved on it ... our electronic techniques
         were the best." " On press coverage during the campaign; "I think you are beginning to see
         a realization that from the top newspapers on down, there was bad handling on both sides. A
         conservative paper would be unfair to Johnson. The liberal paper like the New York Times
         would be unfair to me." " On our political system: "I think we ought to give consideration
         to whether we ought to have a Republican president and a Democratic congress, or vice
         versa." " On fellow Republicans: "The Republican candidates were caricatures -- let's face
         it -- Rockefeller and his cohorts had painted. I was a Social Security cutter and I was
         going to bomb the kids." " On his present lack of speaking engagements: "They probably feel
         Goldwater is a 'kiss of death,' that if he comes into Ohio or Illinois or some other state
         that the crowds are going to stay away." Suggested Newspaper Listing: NET JOURNAL -- "That
         Was The Election That Was": Barry Goldwater and Bill Miller recount the human and humorous
         elements of their 1964 presidential campaign with NET correspondent Paul Niven and Joseph
         Sterne of the Baltimore Sun.</marc:subfield>
      </marc:datafield>
      <marc:datafield tag="337" ind1=" " ind2=" ">
         <marc:subfield code="a">Moving Image</marc:subfield>
         <marc:subfield code="2">MAVIS media type controlled vocabulary</marc:subfield>
      </marc:datafield>
      <marc:datafield tag="024" ind1="8" ind2=" ">
         <marc:subfield code="a">2420713</marc:subfield>
         <marc:subfield code="2">MAVIS Title Number</marc:subfield>
      </marc:datafield>
      <marc:datafield tag="024" ind1="8" ind2=" ">
         <marc:subfield code="a">NJTE</marc:subfield>
         <marc:subfield code="2">NET/PBS NOLA</marc:subfield>
      </marc:datafield>
      <marc:datafield tag="024" ind1="8" ind2=" ">
         <marc:subfield code="a">0</marc:subfield>
         <marc:subfield code="2">NET/PBS number</marc:subfield>
      </marc:datafield>
      <marc:datafield tag="024" ind1="8" ind2=" ">
         <marc:subfield code="a">153</marc:subfield>
         <marc:subfield code="2">NET/PBS number</marc:subfield>
      </marc:datafield>
      <marc:datafield tag="024" ind1="8" ind2=" ">
         <marc:subfield code="a">199</marc:subfield>
         <marc:subfield code="2">NET/PBS number</marc:subfield>
      </marc:datafield>
      <marc:datafield tag="024" ind1="8" ind2=" ">
         <marc:subfield code="a">203</marc:subfield>
         <marc:subfield code="2">NET/PBS number</marc:subfield>
      </marc:datafield>
      <marc:datafield tag="546" ind1=" " ind2=" ">
         <marc:subfield code="a">English</marc:subfield>
      </marc:datafield>
      <marc:datafield tag="653" ind1=" " ind2=" ">
         <marc:subfield code="a"/>
      </marc:datafield>
      <marc:datafield tag="653" ind1=" " ind2=" ">
         <marc:subfield code="a">Presidents--United
         States--Election--1964</marc:subfield>
         <marc:subfield code="0">http://id.loc.gov/authorities/subjects/sh2010106960</marc:subfield>
      </marc:datafield>
      <marc:datafield tag="653" ind1=" " ind2=" ">
         <marc:subfield code="a"/>
      </marc:datafield>
      <marc:datafield tag="653" ind1=" " ind2=" ">
         <marc:subfield code="a">Goldwater, Barry M. (Barry Morris),
         1909-1998</marc:subfield>
         <marc:subfield code="0">http://id.loc.gov/authorities/names/n79144788</marc:subfield>
      </marc:datafield>
      <marc:datafield tag="653" ind1=" " ind2=" ">
         <marc:subfield code="a">Miller, William E. (William Edward),
         1914-1983</marc:subfield>
         <marc:subfield code="0">http://id.loc.gov/authorities/names/n86111327</marc:subfield>
      </marc:datafield>
      <marc:datafield tag="245" ind1="0" ind2="0">
         <marc:subfield code="a">NET journal. That was the election that
         was.</marc:subfield>
         <marc:subfield code="b">a production of National Educational
         Television ; producers, Jim Karayn, Paul Niven ; director, Max Schindler.</marc:subfield>
      </marc:datafield>
      <marc:datafield tag="246" ind1="3" ind2="3">
         <marc:subfield code="a">That was the election that
         was.</marc:subfield>
      </marc:datafield>
      <marc:datafield tag="246" ind1="3" ind2="3">
         <marc:subfield code="a">NET journal. [No. 153], That was the election that
         was.</marc:subfield>
      </marc:datafield>
      <marc:datafield tag="246" ind1="3" ind2="3">
         <marc:subfield code="a">NET journal. [No. 199], That was the election that
         was.</marc:subfield>
      </marc:datafield>
      <marc:datafield tag="246" ind1="3" ind2="3">
         <marc:subfield code="a">NET journal. [No. 203], That was the election that
         was.</marc:subfield>
      </marc:datafield>
      <marc:datafield tag="655" ind1=" " ind2="0">
         <marc:subfield code="a">Nonfiction television programs
         (lcgft)</marc:subfield>
         <marc:subfield code="0">http://id.loc.gov/authorities/genreForms/gf2011026425</marc:subfield>
      </marc:datafield>
      <marc:datafield tag="655" ind1=" " ind2="0">
         <marc:subfield code="a">Television interviews
         (lcgft)</marc:subfield>
         <marc:subfield code="0">http://id.loc.gov/authorities/genreForms/gf2011026662\n</marc:subfield>
      </marc:datafield>
   </marc:record>