
   <marc:record>
      <marc:leader>      am         3u     </marc:leader>
      <marc:datafield tag="042" ind1=" " ind2=" ">
         <marc:subfield code="a">dc</marc:subfield>
      </marc:datafield>
      <marc:datafield tag="720" ind1=" " ind2=" ">
         <marc:subfield code="a">National Educational Television and Radio Center</marc:subfield>
         <marc:subfield code="e">Broadcaster</marc:subfield>
         <marc:subfield code="0">http://id.loc.gov/authorities/names/n80050382</marc:subfield>
      </marc:datafield>
      <marc:datafield tag="720" ind1=" " ind2=" ">
         <marc:subfield code="a">Canadian Broadcasting Corporation</marc:subfield>
         <marc:subfield code="e">Production Company</marc:subfield>
         <marc:subfield code="0">http://id.loc.gov/authorities/names/n80085267</marc:subfield>
      </marc:datafield>
      <marc:datafield tag="720" ind1=" " ind2=" ">
         <marc:subfield code="a">Somers,
         Harry</marc:subfield>
         <marc:subfield code="e">Music Composer</marc:subfield>
         <marc:subfield code="0">http://id.loc.gov/authorities/names/n81061971</marc:subfield>
      </marc:datafield>
      <marc:datafield tag="720" ind1=" " ind2=" ">
         <marc:subfield code="a">Weston, William</marc:subfield>
         <marc:subfield code="e">Executive Producer</marc:subfield>
      </marc:datafield>
      <marc:datafield tag="720" ind1=" " ind2=" ">
         <marc:subfield code="a">Tovell,
         Vincent</marc:subfield>
         <marc:subfield code="e">Director</marc:subfield>
         <marc:subfield code="0">http://id.loc.gov/authorities/names/nr99021887</marc:subfield>
      </marc:datafield>
      <marc:datafield tag="720" ind1=" " ind2=" ">
         <marc:subfield code="a">Tovell,
         Vincent</marc:subfield>
         <marc:subfield code="e">Producer</marc:subfield>
         <marc:subfield code="0">http://id.loc.gov/authorities/names/nr99021887</marc:subfield>
      </marc:datafield>
      <marc:datafield tag="720" ind1=" " ind2=" ">
         <marc:subfield code="a">Whitehead,
         William, 1931</marc:subfield>
         <marc:subfield code="e">Writer</marc:subfield>
         <marc:subfield code="0">http://id.loc.gov/authorities/names/n80015326</marc:subfield>
      </marc:datafield>
      <marc:datafield tag="260" ind1=" " ind2=" ">
         <marc:subfield code="c">1970-3-16</marc:subfield>
      </marc:datafield>
      <marc:datafield tag="520" ind1=" " ind2=" ">
         <marc:subfield code="a">From NET microfiche: An examination of the brain and its mysteries, this
         program looks at the brain's evolution, how it learns and how science may help us to gain
         more control over it. A mass of nerve cells and nerve fibers, the brain controls every
         human function. The film points out that the Greeks and Arabs recognized the importance of
         the brain early in history, but neither had any conception of its anatomy. It is only in
         the last few decades, with the development of the electron microscope and the
         electroencephalograph that scientists have begun to know the brain. By knowing it, man can
         hope to understand the origins of illusions, misconceptions, prejudice, and aggression. The
         human brain has 12 billion cells, branching and touching, woven into a complex fabric of
         interconnections (more than the entire telephone system of North America). The program
         illustrates the fact that the brain cannot cope with the quantity of information modern
         life requires, and thus, modern man has developed extensions of the brains - computers. The
         film shows how computers help architects, for example, to project their designs and how
         doctors use them to locate misfiring brain cells that cause Parkinson's disease. The film
         also examines the sleeping brain and the phenomenon of rapid eye movement (REM), which
         results from interruptions of deep sleep by increased brain activity, called "brainstorms."
         During brainstorms the body relaxes, but the eyes begin scanning and dreams occur. PLEASE
         NOTE: Sketches of nudes are shown in several portions of the film.</marc:subfield>
      </marc:datafield>
      <marc:datafield tag="024" ind1="8" ind2=" ">
         <marc:subfield code="a">2334934</marc:subfield>
         <marc:subfield code="2">MAVIS Title Number</marc:subfield>
      </marc:datafield>
      <marc:datafield tag="024" ind1="8" ind2=" ">
         <marc:subfield code="a">268</marc:subfield>
         <marc:subfield code="2">Episode Number</marc:subfield>
      </marc:datafield>
      <marc:datafield tag="653" ind1=" " ind2=" ">
         <marc:subfield code="a">Brain</marc:subfield>
         <marc:subfield code="0">http://id.loc.gov/authorities/subjects/sh85016319</marc:subfield>
      </marc:datafield>
      <marc:datafield tag="245" ind1="0" ind2="0">
         <marc:subfield code="a">NET journal. The brain.</marc:subfield>
         <marc:subfield code="b">produced by the Canadian Broadcasting
         Corporation; presented by National Educational Television ; NET executive producer, William
         Weston ; producer-director, Vincent Tovell ; writer, William Whitehead.</marc:subfield>
      </marc:datafield>
      <marc:datafield tag="246" ind1="3" ind2="3">
         <marc:subfield code="a">The brain.</marc:subfield>
      </marc:datafield>
      <marc:datafield tag="246" ind1="3" ind2="3">
         <marc:subfield code="a">NET journal. [No. 268], The brain.</marc:subfield>
      </marc:datafield>
      <marc:datafield tag="246" ind1="3" ind2="3">
         <marc:subfield code="a">NET journal. [1970-03-16]. The brain.</marc:subfield>
      </marc:datafield>
      <marc:datafield tag="655" ind1=" " ind2="0">
         <marc:subfield code="a">Educational television programs
         (lcgft)</marc:subfield>
         <marc:subfield code="0">http://id.loc.gov/authorities/genreForms/gf2011026221\n</marc:subfield>
      </marc:datafield>
      <marc:datafield tag="655" ind1=" " ind2="0">
         <marc:subfield code="a">Medical television programs
         (lcgft)</marc:subfield>
         <marc:subfield code="0">http://id.loc.gov/authorities/genreForms/gf2011026392</marc:subfield>
      </marc:datafield>
      <marc:datafield tag="655" ind1=" " ind2="0">
         <marc:subfield code="a">Nonfiction television programs
         (lcgft)</marc:subfield>
         <marc:subfield code="0">http://id.loc.gov/authorities/genreForms/gf2011026425</marc:subfield>
      </marc:datafield>
      <marc:datafield tag="655" ind1=" " ind2="0">
         <marc:subfield code="a">Science television programs
         (lcgft)</marc:subfield>
         <marc:subfield code="0">http://id.loc.gov/authorities/genreForms/gf2011026561</marc:subfield>
      </marc:datafield>
   </marc:record>