
   <marc:record>
      <marc:leader>      am         3u     </marc:leader>
      <marc:datafield tag="042" ind1=" " ind2=" ">
         <marc:subfield code="a">dc</marc:subfield>
      </marc:datafield>
      <marc:datafield tag="720" ind1=" " ind2=" ">
         <marc:subfield code="a">National Educational Television and Radio Center</marc:subfield>
         <marc:subfield code="e">Broadcaster</marc:subfield>
         <marc:subfield code="0">http://id.loc.gov/authorities/names/n80050382</marc:subfield>
      </marc:datafield>
      <marc:datafield tag="720" ind1=" " ind2=" ">
         <marc:subfield code="a">Buckley,
         William F.</marc:subfield>
         <marc:subfield code="e">Appearing</marc:subfield>
         <marc:subfield code="0">http://id.loc.gov/authorities/names/n79065205</marc:subfield>
      </marc:datafield>
      <marc:datafield tag="720" ind1=" " ind2=" ">
         <marc:subfield code="a">National Educational Television and Radio Center</marc:subfield>
         <marc:subfield code="e">Production Company</marc:subfield>
         <marc:subfield code="0">http://id.loc.gov/authorities/names/n80050382</marc:subfield>
      </marc:datafield>
      <marc:datafield tag="720" ind1=" " ind2=" ">
         <marc:subfield code="a">Steibel,
         Warren</marc:subfield>
         <marc:subfield code="e">Producer</marc:subfield>
         <marc:subfield code="0">http://id.loc.gov/authorities/names/no98066167</marc:subfield>
      </marc:datafield>
      <marc:datafield tag="720" ind1=" " ind2=" ">
         <marc:subfield code="a">Perlmutter, Al</marc:subfield>
         <marc:subfield code="e">Executive Producer</marc:subfield>
         <marc:subfield code="0">http://id.loc.gov/authorities/names/nr95001160</marc:subfield>
      </marc:datafield>
      <marc:datafield tag="260" ind1=" " ind2=" ">
         <marc:subfield code="c">1969-11-3</marc:subfield>
      </marc:datafield>
      <marc:datafield tag="260" ind1=" " ind2=" ">
         <marc:subfield code="c">1970-7-6</marc:subfield>
      </marc:datafield>
      <marc:datafield tag="260" ind1=" " ind2=" ">
         <marc:subfield code="c">1970-8-24</marc:subfield>
      </marc:datafield>
      <marc:datafield tag="260" ind1=" " ind2=" ">
         <marc:subfield code="c">1969</marc:subfield>
      </marc:datafield>
      <marc:datafield tag="520" ind1=" " ind2=" ">
         <marc:subfield code="a">Description of series: This program was originally broadcast November 3, 1969.
         It was scheduled to be rebroadcast July 6, 1970, but was preempted. NET Journal - "The
         Conservative Mr. Buckley": The personal vision of William F. Buckley, Jr., is seen through
         a series of film statements encompassing crime, the ghetto, capital punishment, patriotism,
         communism, and the arts. A renaissance man of American conservatism, William F. Buckley,
         Jr., is editor of the National Review, syndicated columnist ("On the Right"), host of his
         own television program ("Firing Line"), and political gadfly (he ran for mayor of New York
         in 1965). This program is a series of film statements reflecting Buckley's concerns and
         perceptions about life in America today. The areas include crime and violence, communism,
         capital punishment, patriotism, the arts, the ghetto and its evolving leadership, and the
         beauty of unspoiled America. His remarks - whether from a podium at Rice University or in a
         private discussion with Whitney Young of the Urban League - are urbane, analytical, often
         biting. Representative quotes follow: After a tour of the ghettos arranged by Young,
         Buckley notes that the leaders in Watts (Los Angeles) are "bright a little cynical with a
         dawning consciousness of the political way up the ladder." Commenting on the black masses,
         Buckley says: "Some choose the neo-nonsense of Ron Karenga; many engage in efforts that
         distinguished the white man at his best in Los Angeles 100 years ago." Of Karenga, director
         of a self-help group titled "Us," Buckley says, "He affects the manners of an Oriental
         Satrap." He describes Karenga's rhetoric as "an agglutination of social clichs." On a
         visit to death row in Trenton, N.J., Buckley says "Capital punishment is a dead letter Not
         even the John Birch Society would fault the Court's reasoning" if the Supreme Court were to
         abolish the death penalty. Buckley is himself involved in the case of Edgar Smith, who has
         been on death row in Trenton for 12 years since he was convicted of homicide. During a
         televised debate with author Norman Mailer, Buckley deprecates Castro-style communism,
         nothing that under the Batista government (which he opposed) "at the worst you could found
         an opposition newspaper, found a union, go to church, go in and out of the country." He
         calls Mailer's interpretation of Cuba today "Mailer melodrama you're a wonderful writer,
         but a terrible witness." Buckley reacts with venom to the remark made by a Los Angeles high
         school student that Johann Sebastian Bach - "that old dead punk" - should not be taught.
         "That is the champion effrontery," says Buckley. "Music has done more to elevate mankind
         that all the black student unions." He derides "the rhetorical escalation, which is totally
         out of hand." A case in point: with a group of Tulane University students, Buckley cuts
         short a discussion on violence in the ghetto, saying "you use the word violence with such
         slovenliness to render yourself unintelligible." In another scene, Buckley visits his
         family home in Sharon, Conn., and comments on the satisfactions it afforded him. "it was
         hewn out of a single pleasant dream," he says.</marc:subfield>
      </marc:datafield>
      <marc:datafield tag="337" ind1=" " ind2=" ">
         <marc:subfield code="a">Moving Image</marc:subfield>
         <marc:subfield code="2">MAVIS media type controlled vocabulary</marc:subfield>
      </marc:datafield>
      <marc:datafield tag="024" ind1="8" ind2=" ">
         <marc:subfield code="a">2021862</marc:subfield>
         <marc:subfield code="2">MAVIS Title Number</marc:subfield>
      </marc:datafield>
      <marc:datafield tag="024" ind1="8" ind2=" ">
         <marc:subfield code="a">NJCM</marc:subfield>
         <marc:subfield code="2">NET/PBS NOLA</marc:subfield>
      </marc:datafield>
      <marc:datafield tag="024" ind1="8" ind2=" ">
         <marc:subfield code="a">0 (PBS-1994.xls spreadsheet)</marc:subfield>
         <marc:subfield code="2">NET/PBS number</marc:subfield>
      </marc:datafield>
      <marc:datafield tag="024" ind1="8" ind2=" ">
         <marc:subfield code="a">253 (NET microfiche)</marc:subfield>
         <marc:subfield code="2">NET/PBS number</marc:subfield>
      </marc:datafield>
      <marc:datafield tag="024" ind1="8" ind2=" ">
         <marc:subfield code="a">280 (NET microfiche, preempted)</marc:subfield>
         <marc:subfield code="2">NET/PBS number</marc:subfield>
      </marc:datafield>
      <marc:datafield tag="024" ind1="8" ind2=" ">
         <marc:subfield code="a">286 (NET microfiche)</marc:subfield>
         <marc:subfield code="2">NET/PBS number</marc:subfield>
      </marc:datafield>
      <marc:datafield tag="546" ind1=" " ind2=" ">
         <marc:subfield code="a">English</marc:subfield>
      </marc:datafield>
      <marc:datafield tag="653" ind1=" " ind2=" ">
         <marc:subfield code="a">Conservatives</marc:subfield>
         <marc:subfield code="0">http://id.loc.gov/authorities/subjects/sh2004003363</marc:subfield>
      </marc:datafield>
      <marc:datafield tag="653" ind1=" " ind2=" ">
         <marc:subfield code="a">Buckley, William F.</marc:subfield>
         <marc:subfield code="0">http://id.loc.gov/authorities/names/n79065205</marc:subfield>
      </marc:datafield>
      <marc:datafield tag="245" ind1="0" ind2="0">
         <marc:subfield code="a">NET journal. The conservative Mr. Buckley.</marc:subfield>
         <marc:subfield code="b">NET production ; executive producer, A. H.
         Perlmutter ; producer, Warren Steibel.</marc:subfield>
      </marc:datafield>
      <marc:datafield tag="246" ind1="3" ind2="3">
         <marc:subfield code="a">The conservative Mr.
         Buckley.</marc:subfield>
      </marc:datafield>
      <marc:datafield tag="246" ind1="3" ind2="3">
         <marc:subfield code="a">NET journal. [1970-08-24]. The conservative Mr.
         Buckley.</marc:subfield>
      </marc:datafield>
      <marc:datafield tag="246" ind1="3" ind2="3">
         <marc:subfield code="a">NET journal. [1969-11-03]. The conservative Mr.
         Buckley.</marc:subfield>
      </marc:datafield>
      <marc:datafield tag="246" ind1="3" ind2="3">
         <marc:subfield code="a">NET journal. [No. 253], The conservative Mr.
         Buckley.</marc:subfield>
      </marc:datafield>
      <marc:datafield tag="246" ind1="3" ind2="3">
         <marc:subfield code="a">NET journal. [No. 280], The conservative Mr.
         Buckley.</marc:subfield>
      </marc:datafield>
      <marc:datafield tag="246" ind1="3" ind2="3">
         <marc:subfield code="a">NET journal. [No. 286], The conservative Mr.
         Buckley.</marc:subfield>
      </marc:datafield>
      <marc:datafield tag="655" ind1=" " ind2="0">
         <marc:subfield code="a">Biographical television programs
         (lcgft)</marc:subfield>
         <marc:subfield code="0">http://id.loc.gov/authorities/genreForms/gf2011026091</marc:subfield>
      </marc:datafield>
      <marc:datafield tag="655" ind1=" " ind2="0">
         <marc:subfield code="a">Nonfiction television programs
         (lcgft)</marc:subfield>
         <marc:subfield code="0">http://id.loc.gov/authorities/genreForms/gf2011026425</marc:subfield>
      </marc:datafield>
      <marc:datafield tag="655" ind1=" " ind2="0">
         <marc:subfield code="a">Public affairs television programs
         (lcgft)</marc:subfield>
         <marc:subfield code="0">http://id.loc.gov/authorities/genreForms/gf2011026476</marc:subfield>
      </marc:datafield>
   </marc:record>