
   <marc:record>
      <marc:leader>      am         3u     </marc:leader>
      <marc:datafield tag="042" ind1=" " ind2=" ">
         <marc:subfield code="a">dc</marc:subfield>
      </marc:datafield>
      <marc:datafield tag="720" ind1=" " ind2=" ">
         <marc:subfield code="a">Blech,
         Hans Christian</marc:subfield>
         <marc:subfield code="e">Cast/Actor</marc:subfield>
         <marc:subfield code="0">http://id.loc.gov/authorities/names/no2002003261</marc:subfield>
      </marc:datafield>
      <marc:datafield tag="720" ind1=" " ind2=" ">
         <marc:subfield code="a">National
         Educational Television and Radio Center</marc:subfield>
         <marc:subfield code="e">Presenter</marc:subfield>
         <marc:subfield code="0">http://id.loc.gov/authorities/names/n80050382</marc:subfield>
      </marc:datafield>
      <marc:datafield tag="720" ind1=" " ind2=" ">
         <marc:subfield code="a">National Educational Television and Radio Center</marc:subfield>
         <marc:subfield code="e">Broadcaster</marc:subfield>
         <marc:subfield code="0">http://id.loc.gov/authorities/names/n80050382</marc:subfield>
      </marc:datafield>
      <marc:datafield tag="720" ind1=" " ind2=" ">
         <marc:subfield code="a">Negroul, Jean</marc:subfield>
         <marc:subfield code="e">Cast/Actor</marc:subfield>
      </marc:datafield>
      <marc:datafield tag="720" ind1=" " ind2=" ">
         <marc:subfield code="a">Gatti,
         Armand</marc:subfield>
         <marc:subfield code="e">Author/Based on</marc:subfield>
         <marc:subfield code="0">http://id.loc.gov/authorities/names/n50016009</marc:subfield>
      </marc:datafield>
      <marc:datafield tag="720" ind1=" " ind2=" ">
         <marc:subfield code="a">Gatti,
         Armand</marc:subfield>
         <marc:subfield code="e">Writer</marc:subfield>
         <marc:subfield code="0">http://id.loc.gov/authorities/names/n50016009</marc:subfield>
      </marc:datafield>
      <marc:datafield tag="720" ind1=" " ind2=" ">
         <marc:subfield code="a">Gatti,
         Armand</marc:subfield>
         <marc:subfield code="e">Director</marc:subfield>
         <marc:subfield code="0">http://id.loc.gov/authorities/names/n50016009</marc:subfield>
      </marc:datafield>
      <marc:datafield tag="720" ind1=" " ind2=" ">
         <marc:subfield code="a">Clavis Films</marc:subfield>
         <marc:subfield code="e">Production Company</marc:subfield>
      </marc:datafield>
      <marc:datafield tag="720" ind1=" " ind2=" ">
         <marc:subfield code="a">Triglav Film</marc:subfield>
         <marc:subfield code="e">Production Company</marc:subfield>
         <marc:subfield code="0">http://id.loc.gov/authorities/names/no2006074778</marc:subfield>
      </marc:datafield>
      <marc:datafield tag="720" ind1=" " ind2=" ">
         <marc:subfield code="a">Lary,
         Pierre</marc:subfield>
         <marc:subfield code="e">Writer</marc:subfield>
         <marc:subfield code="0">http://id.loc.gov/authorities/names/n81057484</marc:subfield>
      </marc:datafield>
      <marc:datafield tag="260" ind1=" " ind2=" ">
         <marc:subfield code="c">1970-5-13</marc:subfield>
      </marc:datafield>
      <marc:datafield tag="260" ind1=" " ind2=" ">
         <marc:subfield code="c">1970-5-18</marc:subfield>
      </marc:datafield>
      <marc:datafield tag="520" ind1=" " ind2=" ">
         <marc:subfield code="a">From NET microfiche: The horror and the soiled hope of life in a German
         concentration camp are evoked in this French-made drama, which won first prize at the
         Cannes Film Festival. It is set in the spring of 1944 in the imaginary camp of Tatenberg,
         where a German officer, SS Obersturmfuehrer Scheller, devises an insidious game that will
         prove the camp's moral and physical dominion over the men. The game: to pen two men into a
         single enclosure for 24 hours. The object is to encourage the two men to seek each other's
         life in the false hope that the survivor will then be freed. One of the men is Karl
         Schongauer, a political prisoner for the past 11 years who has reportedly identified
         Scheller's part in illegal sugar trade. The other is David Stein, a French Jew. Much of the
         action is contained within the enclosure, where the two men test each other, feinting and
         dodging in words and acts. After David has revealed the plot by which they will eventually
         seek each other's life, the two men actually begin to pummel each other during an argument
         involving Karl's German heritage. But by morning they have become truly sympathetic --
         though they do not know each other's name. In fact, David helps Karl to escape the
         enclosure when two of his comrades bring a battered corpse that they hope to pass off as
         the beaten Karl. The exchange, which takes place during an air-raid, culminates a sub-plot
         in the drama. The next morning, when David is discovered with the dead man, he is sentenced
         to the gas chamber, for he has "spilled German blood." Karl, meanwhile, is being hidden by
         the men in the camp. Karl is played by Hans Christian Blech, a noted German actor who
         worked closely with playwright Bertold Brecht, appearing in many of his plays. He created
         the title role of "The Physicist," a play by Frederic Duerenmatt, which premiered in
         Zurich, and portrayed a German officer in the film "The Longest Day." David is played by
         Jean Negroul, who was co-founder of an Algerian theater group with Nobel Prize winning
         Albert Camus.</marc:subfield>
      </marc:datafield>
      <marc:datafield tag="337" ind1=" " ind2=" ">
         <marc:subfield code="a">Moving Image</marc:subfield>
         <marc:subfield code="2">MAVIS media type controlled vocabulary</marc:subfield>
      </marc:datafield>
      <marc:datafield tag="024" ind1="8" ind2=" ">
         <marc:subfield code="a">2437315</marc:subfield>
         <marc:subfield code="2">MAVIS Title Number</marc:subfield>
      </marc:datafield>
      <marc:datafield tag="024" ind1="8" ind2=" ">
         <marc:subfield code="a">NJEC</marc:subfield>
         <marc:subfield code="2">NET/PBS NOLA</marc:subfield>
      </marc:datafield>
      <marc:datafield tag="024" ind1="8" ind2=" ">
         <marc:subfield code="a">0 (PBS-1994.xls Excel spreadsheet)</marc:subfield>
         <marc:subfield code="2">NET/PBS number</marc:subfield>
      </marc:datafield>
      <marc:datafield tag="024" ind1="8" ind2=" ">
         <marc:subfield code="a">275 (NET microfiche)</marc:subfield>
         <marc:subfield code="2">NET/PBS number</marc:subfield>
      </marc:datafield>
      <marc:datafield tag="546" ind1=" " ind2=" ">
         <marc:subfield code="a">English</marc:subfield>
      </marc:datafield>
      <marc:datafield tag="653" ind1=" " ind2=" ">
         <marc:subfield code="a">Concentration camp inmates</marc:subfield>
         <marc:subfield code="0">http://id.loc.gov/authorities/subjects/sh96000020</marc:subfield>
      </marc:datafield>
      <marc:datafield tag="653" ind1=" " ind2=" ">
         <marc:subfield code="a">World War, 1939-1945</marc:subfield>
         <marc:subfield code="0">http://id.loc.gov/authorities/subjects/sh85148273</marc:subfield>
      </marc:datafield>
      <marc:datafield tag="653" ind1=" " ind2=" ">
         <marc:subfield code="a">Concentration camps</marc:subfield>
         <marc:subfield code="0">http://id.loc.gov/authorities/subjects/sh99005307</marc:subfield>
      </marc:datafield>
      <marc:datafield tag="245" ind1="0" ind2="0">
         <marc:subfield code="a">NET journal. The enclosure.</marc:subfield>
         <marc:subfield code="b">Co-produced by Clavis Films, Paris and Triglav
         Films, Djubljana ; NET presentation ; producer, Luch Ulrych-Mirel ; director, Armand Gatti
         ; original story by Armand Gatti and Pierre Joffrey ; screen play by Armand Gatti and
         Pierre Lary.</marc:subfield>
      </marc:datafield>
      <marc:datafield tag="246" ind1="3" ind2="3">
         <marc:subfield code="a">The enclosure.</marc:subfield>
      </marc:datafield>
      <marc:datafield tag="246" ind1="3" ind2="3">
         <marc:subfield code="a">NET journal. [No. 275], The enclosure.</marc:subfield>
      </marc:datafield>
      <marc:datafield tag="655" ind1=" " ind2="0">
         <marc:subfield code="a">Television adaptations
         (lcgft)</marc:subfield>
         <marc:subfield code="0">http://id.loc.gov/authorities/genreForms/gf2011026653\n</marc:subfield>
      </marc:datafield>
      <marc:datafield tag="655" ind1=" " ind2="0">
         <marc:subfield code="a">Fiction television programs
         (lcgft)</marc:subfield>
         <marc:subfield code="0">http://id.loc.gov/authorities/genreForms/gf2011026252\n</marc:subfield>
      </marc:datafield>
      <marc:datafield tag="655" ind1=" " ind2="0">
         <marc:subfield code="a">Historical television programs
         (lcgft)</marc:subfield>
         <marc:subfield code="0">http://id.loc.gov/authorities/genreForms/gf2011026315</marc:subfield>
      </marc:datafield>
   </marc:record>