
   <marc:record>
      <marc:leader>      am         3u     </marc:leader>
      <marc:datafield tag="042" ind1=" " ind2=" ">
         <marc:subfield code="a">dc</marc:subfield>
      </marc:datafield>
      <marc:datafield tag="720" ind1=" " ind2=" ">
         <marc:subfield code="a">National Educational Television and Radio Center</marc:subfield>
         <marc:subfield code="e">Broadcaster</marc:subfield>
         <marc:subfield code="0">http://id.loc.gov/authorities/names/n80050382</marc:subfield>
      </marc:datafield>
      <marc:datafield tag="720" ind1=" " ind2=" ">
         <marc:subfield code="a">Kennedy,
         Robert F.</marc:subfield>
         <marc:subfield code="e">Appearing</marc:subfield>
         <marc:subfield code="0">http://id.loc.gov/authorities/names/n80035888</marc:subfield>
      </marc:datafield>
      <marc:datafield tag="720" ind1=" " ind2=" ">
         <marc:subfield code="a">Gazut,
         Andre</marc:subfield>
         <marc:subfield code="e">Cameraman</marc:subfield>
         <marc:subfield code="0">http://id.loc.gov/authorities/names/n2003091869</marc:subfield>
      </marc:datafield>
      <marc:datafield tag="720" ind1=" " ind2=" ">
         <marc:subfield code="a">Weston, William</marc:subfield>
         <marc:subfield code="e">Executive Producer</marc:subfield>
      </marc:datafield>
      <marc:datafield tag="720" ind1=" " ind2=" ">
         <marc:subfield code="a">TV Fernsehen</marc:subfield>
         <marc:subfield code="e">Production Company</marc:subfield>
      </marc:datafield>
      <marc:datafield tag="720" ind1=" " ind2=" ">
         <marc:subfield code="a">Lagrange, Jean-Jacques</marc:subfield>
         <marc:subfield code="e">Producer</marc:subfield>
      </marc:datafield>
      <marc:datafield tag="720" ind1=" " ind2=" ">
         <marc:subfield code="a">Lagrange, Jean-Jacques</marc:subfield>
         <marc:subfield code="e">Director</marc:subfield>
      </marc:datafield>
      <marc:datafield tag="260" ind1=" " ind2=" ">
         <marc:subfield code="c">1969-5-19</marc:subfield>
      </marc:datafield>
      <marc:datafield tag="520" ind1=" " ind2=" ">
         <marc:subfield code="a">From NET microfiche, file L: Through the skillful photography of Frenchman
         Andre Gazut, "The Last Campaign of Robert Kennedy" documents the grueling tension of the
         1968 California presidential primary race and captures the terror that swept through the
         Ambassador Hotel ballroom in Los Angeles as the Kennedy campaign climaxed in the Senator's
         fatal shooting. The program illustrates the physical and mental ordeals to which Kennedy
         and his wife, Ethel, were subjected during the campaign, and offers viewers many insights
         into the nature of a political blitz, epitomized by the Kennedy effort in California. The
         camera records the frightening ferocity of a crowd welcoming the Kennedy cavalcade along a
         business street in Los Angeles as people struggle to touch the senator and bodyguards and
         police prevent frenzied enthusiasts from swamping the Kennedy automobile. Former track star
         Rafer Johnson is seen propping Kennedy up from the rear to prevent him from tumbling over
         as the car creeps along. Kennedy's triumphant tour of the streets of Watts is also
         depicted. In other segments: Viewers gain an insight into political canvassing as a young
         Kennedy worker gets an unsympathetic reception from a cynical voter he meets in the street;
         Mrs. Pierre Salinger organizes a fundraising party and Hollywood's Raquel Welch, Kim Novak
         and Jerry Lewis are among the stars who show up and voice their allegiance; a portion of
         the Kennedy-McCarthy TV debate is repeated; and an old-fashioned campaign train carries
         Kennedy through whistle-stops in Central California farm country. A little more than midway
         through the program the scene shifts to the Ambassador Hotel where Kennedy has just
         acknowledged victory over McCarthy and the celebration is underway. The abrupt turn of
         events that follows is recorded chiefly in the dazed expressions, tears, and aimless
         wanderings of people in the ballroom. Television reporters corner a man who said he
         witnessed the shooting. "He was mad, he was a lunatic," the man excitedly tells the
         reporters, describing the gunman and relating what he saw. Emotions build within him as he
         later repeats the story for another TV network, and finally, recounting his words still
         another time for some newspapermen, he collapses in hysterical tears. The reporters,
         suddenly numbed, appear almost in tears themselves as they offer the man assistance. The
         program includes scenes outside Good Samaritan Hospital, where Kennedy died, and especially
         poignant views inside St. Patrick's Cathedral in New York City where Gazut's camera studies
         the faces of persons who came to visit the bier. The material described above totals about
         52 minutes. The remaining portion of the program, now in preparation, will consist of a
         review of the Sirhan Sirhan case. Details will be provided as soon as
         available.</marc:subfield>
      </marc:datafield>
      <marc:datafield tag="337" ind1=" " ind2=" ">
         <marc:subfield code="a">Moving Image</marc:subfield>
         <marc:subfield code="2">MAVIS media type controlled vocabulary</marc:subfield>
      </marc:datafield>
      <marc:datafield tag="024" ind1="8" ind2=" ">
         <marc:subfield code="a">2336750</marc:subfield>
         <marc:subfield code="2">MAVIS Title Number</marc:subfield>
      </marc:datafield>
      <marc:datafield tag="024" ind1="8" ind2=" ">
         <marc:subfield code="a">NJLC</marc:subfield>
         <marc:subfield code="2">NET/PBS NOLA</marc:subfield>
      </marc:datafield>
      <marc:datafield tag="024" ind1="8" ind2=" ">
         <marc:subfield code="a">0 (PBS-1994.xls Excel spreadsheet)</marc:subfield>
         <marc:subfield code="2">NET/PBS number</marc:subfield>
      </marc:datafield>
      <marc:datafield tag="024" ind1="8" ind2=" ">
         <marc:subfield code="a">236 (NET microfiche)</marc:subfield>
         <marc:subfield code="2">NET/PBS number</marc:subfield>
      </marc:datafield>
      <marc:datafield tag="546" ind1=" " ind2=" ">
         <marc:subfield code="a">English</marc:subfield>
      </marc:datafield>
      <marc:datafield tag="653" ind1=" " ind2=" ">
         <marc:subfield code="a"/>
      </marc:datafield>
      <marc:datafield tag="653" ind1=" " ind2=" ">
         <marc:subfield code="a">Presidents--United
         States--Election--1968</marc:subfield>
         <marc:subfield code="0">http://id.loc.gov/authorities/subjects/sh2008109960</marc:subfield>
      </marc:datafield>
      <marc:datafield tag="653" ind1=" " ind2=" ">
         <marc:subfield code="a"/>
      </marc:datafield>
      <marc:datafield tag="653" ind1=" " ind2=" ">
         <marc:subfield code="a">Kennedy, Robert F.,
         1925-1968</marc:subfield>
         <marc:subfield code="0">http://id.loc.gov/authorities/names/n80035888</marc:subfield>
      </marc:datafield>
      <marc:datafield tag="245" ind1="0" ind2="0">
         <marc:subfield code="a">NET journal. The last campaign of Robert
         Kennedy.</marc:subfield>
         <marc:subfield code="b">produced by TV Fernsehen, Zurich, Switzerland
         ; producer-director, Jean-Jacques LaGrange ; executive producer for NET, William
         Weston.</marc:subfield>
      </marc:datafield>
      <marc:datafield tag="246" ind1="3" ind2="3">
         <marc:subfield code="a">The last campaign of Robert
         Kennedy.</marc:subfield>
      </marc:datafield>
      <marc:datafield tag="246" ind1="3" ind2="3">
         <marc:subfield code="a">NET journal. [No. 236], The last campaign of Robert
         Kennedy.</marc:subfield>
      </marc:datafield>
      <marc:datafield tag="655" ind1=" " ind2="0">
         <marc:subfield code="a">Documentary television programs
         (lcgft)</marc:subfield>
         <marc:subfield code="0">http://id.loc.gov/authorities/genreForms/gf2011026207</marc:subfield>
      </marc:datafield>
      <marc:datafield tag="655" ind1=" " ind2="0">
         <marc:subfield code="a">Nonfiction television programs
         (lcgft)</marc:subfield>
         <marc:subfield code="0">http://id.loc.gov/authorities/genreForms/gf2011026425</marc:subfield>
      </marc:datafield>
      <marc:datafield tag="655" ind1=" " ind2="0">
         <marc:subfield code="a">Public affairs television programs
         (lcgft)</marc:subfield>
         <marc:subfield code="0">http://id.loc.gov/authorities/genreForms/gf2011026476</marc:subfield>
      </marc:datafield>
   </marc:record>