
   <marc:record>
      <marc:leader>      am         3u     </marc:leader>
      <marc:datafield tag="042" ind1=" " ind2=" ">
         <marc:subfield code="a">dc</marc:subfield>
      </marc:datafield>
      <marc:datafield tag="720" ind1=" " ind2=" ">
         <marc:subfield code="a">Cooke,
         Alistair</marc:subfield>
         <marc:subfield code="e">Participant</marc:subfield>
         <marc:subfield code="0">http://id.loc.gov/authorities/names/n79089555</marc:subfield>
      </marc:datafield>
      <marc:datafield tag="720" ind1=" " ind2=" ">
         <marc:subfield code="a">National Educational Television and Radio Center</marc:subfield>
         <marc:subfield code="e">Broadcaster</marc:subfield>
         <marc:subfield code="0">http://id.loc.gov/authorities/names/n80050382</marc:subfield>
      </marc:datafield>
      <marc:datafield tag="720" ind1=" " ind2=" ">
         <marc:subfield code="a">Corporation for Public
         Broadcasting</marc:subfield>
         <marc:subfield code="e">Distributor/Release Co.</marc:subfield>
         <marc:subfield code="0">http://id.loc.gov/authorities/names/n79032200</marc:subfield>
      </marc:datafield>
      <marc:datafield tag="720" ind1=" " ind2=" ">
         <marc:subfield code="a">Friedman,
         Milton</marc:subfield>
         <marc:subfield code="e">Guest</marc:subfield>
         <marc:subfield code="0">http://id.loc.gov/authorities/names/n79117948</marc:subfield>
      </marc:datafield>
      <marc:datafield tag="720" ind1=" " ind2=" ">
         <marc:subfield code="a">Niven,
         Paul</marc:subfield>
         <marc:subfield code="e">Host</marc:subfield>
         <marc:subfield code="0">http://id.loc.gov/authorities/names/no2005104450</marc:subfield>
      </marc:datafield>
      <marc:datafield tag="720" ind1=" " ind2=" ">
         <marc:subfield code="a">Niven,
         Paul</marc:subfield>
         <marc:subfield code="e">Moderator</marc:subfield>
         <marc:subfield code="0">http://id.loc.gov/authorities/names/no2005104450</marc:subfield>
      </marc:datafield>
      <marc:datafield tag="720" ind1=" " ind2=" ">
         <marc:subfield code="a">Hatcher, Richard G.</marc:subfield>
         <marc:subfield code="e">Participant</marc:subfield>
         <marc:subfield code="0">http://id.loc.gov/authorities/names/n92031913</marc:subfield>
      </marc:datafield>
      <marc:datafield tag="720" ind1=" " ind2=" ">
         <marc:subfield code="a">Kohler, Foy D.</marc:subfield>
         <marc:subfield code="e">Participant</marc:subfield>
         <marc:subfield code="0">http://id.loc.gov/authorities/names/n50042961</marc:subfield>
      </marc:datafield>
      <marc:datafield tag="720" ind1=" " ind2=" ">
         <marc:subfield code="a">Kraft,
         Joseph</marc:subfield>
         <marc:subfield code="e">Commentator</marc:subfield>
         <marc:subfield code="0">http://id.loc.gov/authorities/names/n84080201</marc:subfield>
      </marc:datafield>
      <marc:datafield tag="720" ind1=" " ind2=" ">
         <marc:subfield code="a">Rossiter, Clinton</marc:subfield>
         <marc:subfield code="e">Participant</marc:subfield>
         <marc:subfield code="0">http://id.loc.gov/authorities/names/n50049724</marc:subfield>
      </marc:datafield>
      <marc:datafield tag="720" ind1=" " ind2=" ">
         <marc:subfield code="a">Heller,
         Walter W.</marc:subfield>
         <marc:subfield code="e">Guest</marc:subfield>
         <marc:subfield code="0">http://id.loc.gov/authorities/names/n50025935</marc:subfield>
      </marc:datafield>
      <marc:datafield tag="720" ind1=" " ind2=" ">
         <marc:subfield code="a">National Educational Television and Radio Center</marc:subfield>
         <marc:subfield code="e">Production Company</marc:subfield>
         <marc:subfield code="0">http://id.loc.gov/authorities/names/n80050382</marc:subfield>
      </marc:datafield>
      <marc:datafield tag="720" ind1=" " ind2=" ">
         <marc:subfield code="a">Karayn,
         Jim</marc:subfield>
         <marc:subfield code="e">Producer</marc:subfield>
         <marc:subfield code="0">http://id.loc.gov/authorities/names/no99034842</marc:subfield>
      </marc:datafield>
      <marc:datafield tag="260" ind1=" " ind2=" ">
         <marc:subfield code="c">1969-1-20</marc:subfield>
      </marc:datafield>
      <marc:datafield tag="520" ind1=" " ind2=" ">
         <marc:subfield code="a">Note: This is not the complete program (see MAVIS 2340024). Includes the bulk
         of the program--the panel discussion and Joseph Kraft analysis (duration is approximately
         1:13 hour). Approximately the first 45 minutes of the two-hour program are missing -- the
         opening introduction by Paul Niven, the film "Seventy-five days" (about the transition) and
         the excerpt from Nixon's inauguration speech. From NET microfiche: The program will be a
         report on the transfer of power from one administration to another. There will be a
         transition film (approximately 40 minutes), containing exclusive films of the briefing of a
         new cabinet members and task forces for President Nixon, the meetings of advisory councils,
         the concluding of old business by members of the new regime, and the changeover taking
         place within the White House. The program will then devote roughly 15 minutes to the
         inauguration ceremony and Mr. Nixon's speech, given that day in Washington. In the main
         part of the program, NET correspondent Paul Niven will discuss the next four years with a
         distinguished panel. He will concentrate on problems and possible solutions by the Nixon
         Administration in the areas of urban affairs, foreign affairs, and the economy. Panelists
         include: Walter Heller, Chairman, Council of Economic Advisors and Professor at the
         University of Minnesotaa; Milton Friedman, University of Chicago economist and columnist
         for Newsweek magazine; John Collins, Professor of Urban Affairs at MIT; Clinton Rossiter,
         professor of American Institutions at Cornell University and author of such works as
         "Conservatism in America" and "The American Presidency"; Alistair Cooke, chief American
         correspondent for the Guardian British newspaper; Foy D. Kohler, former ambassador to the
         Soviet Union, Deputy Under Secretary fo State for Political Affairs and Professor of
         Advanced International Studies at the University of Miami; and Richard Hatcher, mayor of
         Gary, Indiana. Syndicated columnist Joseph Kraft also provides an analysis of the Nixon
         administration. Host/Moderator: Paul Niven.</marc:subfield>
      </marc:datafield>
      <marc:datafield tag="337" ind1=" " ind2=" ">
         <marc:subfield code="a">Moving Image</marc:subfield>
         <marc:subfield code="2">MAVIS media type controlled vocabulary</marc:subfield>
      </marc:datafield>
      <marc:datafield tag="024" ind1="8" ind2=" ">
         <marc:subfield code="a">825464</marc:subfield>
         <marc:subfield code="2">MAVIS Title Number</marc:subfield>
      </marc:datafield>
      <marc:datafield tag="024" ind1="8" ind2=" ">
         <marc:subfield code="a">NXAD</marc:subfield>
         <marc:subfield code="2">NET/PBS NOLA</marc:subfield>
      </marc:datafield>
      <marc:datafield tag="024" ind1="8" ind2=" ">
         <marc:subfield code="a">0</marc:subfield>
         <marc:subfield code="2">NET/PBS number</marc:subfield>
      </marc:datafield>
      <marc:datafield tag="787" ind1="0" ind2=" ">
         <marc:subfield code="w">2340024</marc:subfield>
         <marc:subfield code="n">MAVIS id number</marc:subfield>
      </marc:datafield>
      <marc:datafield tag="653" ind1=" " ind2=" ">
         <marc:subfield code="a">Presidents--United
         States--Inauguration</marc:subfield>
         <marc:subfield code="0">http://id.loc.gov/authorities/subjects/sh85106479</marc:subfield>
      </marc:datafield>
      <marc:datafield tag="653" ind1=" " ind2=" ">
         <marc:subfield code="a">Nixon, Richard M.</marc:subfield>
         <marc:subfield code="0">http://id.loc.gov/authorities/names/n79018757</marc:subfield>
      </marc:datafield>
      <marc:datafield tag="245" ind1="0" ind2="0">
         <marc:subfield code="a">[NET journal. The Nixon
         administration--excerpt].</marc:subfield>
         <marc:subfield code="b">a National Educational Television production ;
         producer, Jim Karayn ; director, M. Arthur.</marc:subfield>
      </marc:datafield>
      <marc:datafield tag="246" ind1="3" ind2="3">
         <marc:subfield code="a">[The Nixon
         administration--excerpt].</marc:subfield>
      </marc:datafield>
      <marc:datafield tag="246" ind1="3" ind2="3">
         <marc:subfield code="a">The Nixon
         administration--transition.</marc:subfield>
      </marc:datafield>
      <marc:datafield tag="655" ind1=" " ind2="0">
         <marc:subfield code="a">Nonfiction television programs
         (lcgft)</marc:subfield>
         <marc:subfield code="0">http://id.loc.gov/authorities/genreForms/gf2011026425</marc:subfield>
      </marc:datafield>
      <marc:datafield tag="655" ind1=" " ind2="0">
         <marc:subfield code="a">Public affairs television programs
         (lcgft)</marc:subfield>
         <marc:subfield code="0">http://id.loc.gov/authorities/genreForms/gf2011026476</marc:subfield>
      </marc:datafield>
      <marc:datafield tag="655" ind1=" " ind2="0">
         <marc:subfield code="a">Television panel discussions
         (lcgft)</marc:subfield>
         <marc:subfield code="0">http://id.loc.gov/authorities/genreForms/gf2011026668</marc:subfield>
      </marc:datafield>
   </marc:record>