
   <marc:record>
      <marc:leader>      am         3u     </marc:leader>
      <marc:datafield tag="042" ind1=" " ind2=" ">
         <marc:subfield code="a">dc</marc:subfield>
      </marc:datafield>
      <marc:datafield tag="720" ind1=" " ind2=" ">
         <marc:subfield code="a">National Educational Television and Radio Center</marc:subfield>
         <marc:subfield code="e">Broadcaster</marc:subfield>
         <marc:subfield code="0">http://id.loc.gov/authorities/names/n80050382</marc:subfield>
      </marc:datafield>
      <marc:datafield tag="720" ind1=" " ind2=" ">
         <marc:subfield code="a">National
         Educational Television and Radio Center</marc:subfield>
         <marc:subfield code="e">Presenter</marc:subfield>
         <marc:subfield code="0">http://id.loc.gov/authorities/names/n80050382</marc:subfield>
      </marc:datafield>
      <marc:datafield tag="720" ind1=" " ind2=" ">
         <marc:subfield code="a">Cowell,
         Adrian</marc:subfield>
         <marc:subfield code="e">Narrator</marc:subfield>
         <marc:subfield code="0">http://id.loc.gov/authorities/names/n90672889</marc:subfield>
      </marc:datafield>
      <marc:datafield tag="720" ind1=" " ind2=" ">
         <marc:subfield code="a">Cowell,
         Adrian</marc:subfield>
         <marc:subfield code="e">Producer</marc:subfield>
         <marc:subfield code="0">http://id.loc.gov/authorities/names/n90672889</marc:subfield>
      </marc:datafield>
      <marc:datafield tag="720" ind1=" " ind2=" ">
         <marc:subfield code="a">Independent Television Corporation</marc:subfield>
         <marc:subfield code="e">Production Company</marc:subfield>
      </marc:datafield>
      <marc:datafield tag="260" ind1=" " ind2=" ">
         <marc:subfield code="c">1967-1-2</marc:subfield>
      </marc:datafield>
      <marc:datafield tag="520" ind1=" " ind2=" ">
         <marc:subfield code="a">From NET microfiche: "This film is about the narcotic path from opium to
         heroin ... how the white Yunan poppy is cultivated in Burma to yield raw opium, and how
         this is packaged and retailed for smoking. It shows where opium is converted in Thailand
         into a morphine brick designed purely for smuggling; and how this is transformed into
         heroin powder in Hong Kong; then further packaged and adultered with barbitone for sale in
         the streets." The words of producer-narrator Adrian Cowell, from the introduction of THE
         OPIUM TRAIL, sum up a documentary which the British press has called "exceptionally fine,"
         "arresting and close-packed," and "sharp as a hypodermic needle." One critic described the
         photography as "little less than angelic .... Moonlight on water. Sunlight on woman. The
         cold white poppy black against a whiter, colder moon." The program begins in Burma's Shan
         State, where - along with neighboring Thailand, Laos, and China's Yunan Province -
         three-quarters of the world's illegal opium grows. In Shan, "the poppied dream is the
         entertainment, and the economy of most of the poor villages." Farmers and peddlers are seen
         at the beginning of the heroin trail, gaining their small luxuries from the product, which
         will later sell for 1,000 times its original price. The cameras then show a professional
         smuggling army, which had its origin when the defeated soldiers of Chiang Kai-shek fled to
         Burma in 1950 and helped to develop the opium business. THE OPIUM TRAIL follows a convoy
         crossing illegally into Thailand. "We waded over with half a ton of opium and 270 Shans.
         They were armed with carbines and machine guns, and not a Burmese soldier or Thai policeman
         dared approach." Repeatedly, the film points to the corruption along the opium trail.
         "Opium's oldest name means 'rejoicing' and in the opium trail's wake of bribery no police
         force lacks the man who will choose to 'rejoice.'" After the product has been converted
         into morphine bricks at Maesai, a Thailand border town, it is taken by bus to Bangkok.
         There are many check points on this long road, but few arrests are made. From Bangkok, the
         product is taken by ship to Hong Kong, "the city that grew on opium." Here, to facilitate
         smuggling, the morphine bricks are transformed into heroin. The films shows the methods of
         sale, the operation of syndicates, police raids, and the practices of addicts. In Hong
         Kong, the police are active, but "terror protects the heroin syndicates." In fact, addicts
         and pushers permitted the film crew to shoot footage of their transactions, since "there
         just aren't enough police to watch every seller." In fact, "profits so exceed the risk of
         capture that the dens insure their smokers by paying the bail and fines of those who are
         caught." Cowell relates the theory that Red China is the leading recipient of opium trade.
         However, nowhere along the opium trail has Peking's fine hand been detected by Cowell and
         his crew.</marc:subfield>
      </marc:datafield>
      <marc:datafield tag="337" ind1=" " ind2=" ">
         <marc:subfield code="a">Moving Image</marc:subfield>
         <marc:subfield code="2">MAVIS media type controlled vocabulary</marc:subfield>
      </marc:datafield>
      <marc:datafield tag="024" ind1="8" ind2=" ">
         <marc:subfield code="a">2406273</marc:subfield>
         <marc:subfield code="2">MAVIS Title Number</marc:subfield>
      </marc:datafield>
      <marc:datafield tag="024" ind1="8" ind2=" ">
         <marc:subfield code="a">NJOT</marc:subfield>
         <marc:subfield code="2">NET/PBS NOLA</marc:subfield>
      </marc:datafield>
      <marc:datafield tag="024" ind1="8" ind2=" ">
         <marc:subfield code="a">0</marc:subfield>
         <marc:subfield code="2">NET/PBS number</marc:subfield>
      </marc:datafield>
      <marc:datafield tag="546" ind1=" " ind2=" ">
         <marc:subfield code="a">English</marc:subfield>
      </marc:datafield>
      <marc:datafield tag="653" ind1=" " ind2=" ">
         <marc:subfield code="a">Heroin industry</marc:subfield>
         <marc:subfield code="0">http://id.loc.gov/authorities/subjects/sh93001289</marc:subfield>
      </marc:datafield>
      <marc:datafield tag="653" ind1=" " ind2=" ">
         <marc:subfield code="a">Drug traffic</marc:subfield>
         <marc:subfield code="0">http://id.loc.gov/authorities/subjects/sh88000332</marc:subfield>
      </marc:datafield>
      <marc:datafield tag="653" ind1=" " ind2=" ">
         <marc:subfield code="a">Opium trade</marc:subfield>
         <marc:subfield code="0">http://id.loc.gov/authorities/subjects/sh85095098</marc:subfield>
      </marc:datafield>
      <marc:datafield tag="245" ind1="0" ind2="0">
         <marc:subfield code="a">NET journal. The opium trail.</marc:subfield>
         <marc:subfield code="b">Independent Television Corporation ;
         presentation of National Educational Television ; producer, Adrian Cowell.</marc:subfield>
      </marc:datafield>
      <marc:datafield tag="246" ind1="3" ind2="3">
         <marc:subfield code="a">The opium trail.</marc:subfield>
      </marc:datafield>
      <marc:datafield tag="655" ind1=" " ind2="0">
         <marc:subfield code="a">Documentary television programs
         (lcgft)</marc:subfield>
         <marc:subfield code="0">http://id.loc.gov/authorities/genreForms/gf2011026207</marc:subfield>
      </marc:datafield>
      <marc:datafield tag="655" ind1=" " ind2="0">
         <marc:subfield code="a">Nonfiction television programs
         (lcgft)</marc:subfield>
         <marc:subfield code="0">http://id.loc.gov/authorities/genreForms/gf2011026425</marc:subfield>
      </marc:datafield>
   </marc:record>