
   <marc:record>
      <marc:leader>      am         3u     </marc:leader>
      <marc:datafield tag="042" ind1=" " ind2=" ">
         <marc:subfield code="a">dc</marc:subfield>
      </marc:datafield>
      <marc:datafield tag="720" ind1=" " ind2=" ">
         <marc:subfield code="a">National Educational Television and Radio Center</marc:subfield>
         <marc:subfield code="e">Broadcaster</marc:subfield>
         <marc:subfield code="0">http://id.loc.gov/authorities/names/n80050382</marc:subfield>
      </marc:datafield>
      <marc:datafield tag="720" ind1=" " ind2=" ">
         <marc:subfield code="a">Silverstein, Morton</marc:subfield>
         <marc:subfield code="e">Writer</marc:subfield>
      </marc:datafield>
      <marc:datafield tag="720" ind1=" " ind2=" ">
         <marc:subfield code="a">Silverstein, Morton</marc:subfield>
         <marc:subfield code="e">Producer</marc:subfield>
      </marc:datafield>
      <marc:datafield tag="720" ind1=" " ind2=" ">
         <marc:subfield code="a">Perlmutter, Al</marc:subfield>
         <marc:subfield code="e">Executive Producer</marc:subfield>
         <marc:subfield code="0">http://id.loc.gov/authorities/names/nr95001160</marc:subfield>
      </marc:datafield>
      <marc:datafield tag="260" ind1=" " ind2=" ">
         <marc:subfield code="c">1967-1-9</marc:subfield>
      </marc:datafield>
      <marc:datafield tag="520" ind1=" " ind2=" ">
         <marc:subfield code="a">From NET microfiche: This program examines one-third of the citizens of this
         nation for whom high prices are not a cyclical phenomenon. It finds that the poor pay more
         - for less - everyday of their lives. They pay higher prices, are subject to greater
         exploitation, receives poorer quality merchandise and lack the legal means of remedying
         their plight. NET JOURNAL - THE POOR PAY MORE gives a graphical portrayal of the special
         hardships faced by the poor of our society in the area of consumer purchasing. There are
         reports on studies conducted by anti-poverty and other government agencies charging that
         neighborhood supermarkets raises their prices on the days that welfare clients receive
         their checks and set higher prices for the same goods in impoverished neighborhoods than in
         high income areas. Through the use of concealed cameras the viewer is actually shown the
         standard "pitch" by a door-to-door food-freezer salesman who characteristically promises
         prime quality goods but delivers commodities that are little more than junk - freezers that
         rapidly break down (often they are secondhand) saddling the purchaser with high repair
         costs in addition to the exorbitant finance charges. The techniques of encyclopedia
         salesmen, misrepresenting themselves as school board representatives and capitalizing on
         their customers' concern for their children's' future are described by a victim. The film
         shows the questionable methods of the furniture and appliance stores in the business of
         selling to the poor on time. It also reveals their association with the finance companies
         which reportedly clear as high a profit on the financing of the goods as the retailer makes
         on the sale. For the poor, credit buying is a way of life and thus tens of thousands of
         persons each year find themselves caught in the twin traps of payroll garnishment and
         repossession of goods. The program describes how the odds are stacked against the purchaser
         who, if dissatisfied with his purchase, finds it virtually impossible to gain an adjustment
         but who, if he misses a payment, stand to lose the goods, his credit rating, or his wages
         in attachment. Experts form anti-poverty programs such as the Harlem Consumers Council,
         Mobilization for Youth, Massive Economic Neighborhood Development (all from New York City)
         and the San Francisco based Bay Area Neighborhood Development delineate the problems of the
         impoverished American who, lacking bargaining power or workable channels of recourse, is
         prey to the unscrupulous businessman. The program shows how some social agencies are now
         attempting to alleviate this situation through the establishment of consumer education
         courses and food-buying cooperatives. But, the program finds, much more needs to be done in
         the area of protective legislation, but government agencies involved with the problem, by
         the courts, and by the poor themselves.</marc:subfield>
      </marc:datafield>
      <marc:datafield tag="024" ind1="8" ind2=" ">
         <marc:subfield code="a">2405441</marc:subfield>
         <marc:subfield code="2">MAVIS Title Number</marc:subfield>
      </marc:datafield>
      <marc:datafield tag="653" ind1=" " ind2=" ">
         <marc:subfield code="a">Poor</marc:subfield>
         <marc:subfield code="0">http://id.loc.gov/authorities/subjects/sh85104834</marc:subfield>
      </marc:datafield>
      <marc:datafield tag="653" ind1=" " ind2=" ">
         <marc:subfield code="a">Predatory lending</marc:subfield>
         <marc:subfield code="0">http://id.loc.gov/authorities/subjects/sh2010012386</marc:subfield>
      </marc:datafield>
      <marc:datafield tag="653" ind1=" " ind2=" ">
         <marc:subfield code="a">Discrimination in consumer
         credit</marc:subfield>
         <marc:subfield code="0">http://id.loc.gov/authorities/subjects/sh85038382</marc:subfield>
      </marc:datafield>
      <marc:datafield tag="245" ind1="0" ind2="0">
         <marc:subfield code="a">NET journal. The poor pay more.</marc:subfield>
         <marc:subfield code="b">a presentation of National Educational
         Television ; producer, writer, Mort Silverstein ; executive producer, Alvin H.
         Perlmutter.</marc:subfield>
      </marc:datafield>
      <marc:datafield tag="246" ind1="3" ind2="3">
         <marc:subfield code="a">The poor pay more.</marc:subfield>
      </marc:datafield>
      <marc:datafield tag="246" ind1="3" ind2="3">
         <marc:subfield code="a">NET journal. [1967-01-09]. The poor pay
         more.</marc:subfield>
      </marc:datafield>
      <marc:datafield tag="655" ind1=" " ind2="0">
         <marc:subfield code="a">Nonfiction television programs
         (lcgft)</marc:subfield>
         <marc:subfield code="0">http://id.loc.gov/authorities/genreForms/gf2011026425</marc:subfield>
      </marc:datafield>
      <marc:datafield tag="655" ind1=" " ind2="0">
         <marc:subfield code="a">Public affairs television programs
         (lcgft)</marc:subfield>
         <marc:subfield code="0">http://id.loc.gov/authorities/genreForms/gf2011026476</marc:subfield>
      </marc:datafield>
   </marc:record>