
   <marc:record>
      <marc:leader>      am         3u     </marc:leader>
      <marc:datafield tag="042" ind1=" " ind2=" ">
         <marc:subfield code="a">dc</marc:subfield>
      </marc:datafield>
      <marc:datafield tag="720" ind1=" " ind2=" ">
         <marc:subfield code="a">Time-Life Films</marc:subfield>
         <marc:subfield code="e">Distributor/Release Co.</marc:subfield>
         <marc:subfield code="0">http://id.loc.gov/authorities/names/n80104311</marc:subfield>
      </marc:datafield>
      <marc:datafield tag="720" ind1=" " ind2=" ">
         <marc:subfield code="a">Bogarde,
         Dirk</marc:subfield>
         <marc:subfield code="e">Narrator</marc:subfield>
         <marc:subfield code="0">http://id.loc.gov/authorities/names/n79139685</marc:subfield>
      </marc:datafield>
      <marc:datafield tag="720" ind1=" " ind2=" ">
         <marc:subfield code="a">British Broadcasting Corporation</marc:subfield>
         <marc:subfield code="e">Production Company</marc:subfield>
         <marc:subfield code="0">http://id.loc.gov/authorities/names/n79074359</marc:subfield>
      </marc:datafield>
      <marc:datafield tag="260" ind1=" " ind2=" ">
         <marc:subfield code="c">1967</marc:subfield>
      </marc:datafield>
      <marc:datafield tag="520" ind1=" " ind2=" ">
         <marc:subfield code="a">"Traces the succession of political upheavals leading to the Spanish Civil
         War, the events of the war and Franco's rise to power. Shows how the forces of Germany and
         italy on the one side and of Russia on the other used this battlefield as the testing
         ground for political ideologies and warfare techniques to be used in World War II.
         Discusses the Spain which has emerged out of the ruins." (NICEM Index to 16mm educational
         films, vol. IV, Q-Z, p. 198)</marc:subfield>
      </marc:datafield>
      <marc:datafield tag="337" ind1=" " ind2=" ">
         <marc:subfield code="a">Moving Image</marc:subfield>
         <marc:subfield code="2">MAVIS media type controlled vocabulary</marc:subfield>
      </marc:datafield>
      <marc:datafield tag="024" ind1="8" ind2=" ">
         <marc:subfield code="a">198414</marc:subfield>
         <marc:subfield code="2">MAVIS Title Number</marc:subfield>
      </marc:datafield>
      <marc:datafield tag="787" ind1="0" ind2=" ">
         <marc:subfield code="w">2412786</marc:subfield>
         <marc:subfield code="n">MAVIS id number</marc:subfield>
      </marc:datafield>
      <marc:datafield tag="653" ind1=" " ind2=" ">
         <marc:subfield code="a">Spain--History--Civil War,
         1936-1939</marc:subfield>
         <marc:subfield code="0">http://id.loc.gov/authorities/subjects/sh85126106</marc:subfield>
      </marc:datafield>
      <marc:datafield tag="245" ind1="0" ind2="0">
         <marc:subfield code="a">The Spanish turmoil.</marc:subfield>
         <marc:subfield code="b">produced by the British Broadcasting
         Corporation.</marc:subfield>
      </marc:datafield>
      <marc:datafield tag="655" ind1=" " ind2="0">
         <marc:subfield code="a">Documentary films (lcgft)</marc:subfield>
         <marc:subfield code="0">http://id.loc.gov/authorities/genreForms/gf2011026205</marc:subfield>
      </marc:datafield>
      <marc:datafield tag="655" ind1=" " ind2="0">
         <marc:subfield code="a">Nonfiction films (lcgft)</marc:subfield>
         <marc:subfield code="0">http://id.loc.gov/authorities/genreForms/gf2011026423</marc:subfield>
      </marc:datafield>
   </marc:record>