
   <marc:record>
      <marc:leader>      am         3u     </marc:leader>
      <marc:datafield tag="042" ind1=" " ind2=" ">
         <marc:subfield code="a">dc</marc:subfield>
      </marc:datafield>
      <marc:datafield tag="720" ind1=" " ind2=" ">
         <marc:subfield code="a">National Educational Television and Radio Center</marc:subfield>
         <marc:subfield code="e">Broadcaster</marc:subfield>
         <marc:subfield code="0">http://id.loc.gov/authorities/names/n80050382</marc:subfield>
      </marc:datafield>
      <marc:datafield tag="720" ind1=" " ind2=" ">
         <marc:subfield code="a">National
         Educational Television and Radio Center</marc:subfield>
         <marc:subfield code="e">Presenter</marc:subfield>
         <marc:subfield code="0">http://id.loc.gov/authorities/names/n80050382</marc:subfield>
      </marc:datafield>
      <marc:datafield tag="720" ind1=" " ind2=" ">
         <marc:subfield code="a">Rose,
         Norman, 1917-2004</marc:subfield>
         <marc:subfield code="e">Narrator</marc:subfield>
         <marc:subfield code="0">http://id.loc.gov/authorities/names/n80118793</marc:subfield>
      </marc:datafield>
      <marc:datafield tag="720" ind1=" " ind2=" ">
         <marc:subfield code="a">Planet-Film</marc:subfield>
         <marc:subfield code="e">Production Company</marc:subfield>
         <marc:subfield code="0">http://id.loc.gov/authorities/names/n2013038435</marc:subfield>
      </marc:datafield>
      <marc:datafield tag="720" ind1=" " ind2=" ">
         <marc:subfield code="a">Weston, William</marc:subfield>
         <marc:subfield code="e">Executive Producer</marc:subfield>
      </marc:datafield>
      <marc:datafield tag="260" ind1=" " ind2=" ">
         <marc:subfield code="c">1967-1-23</marc:subfield>
      </marc:datafield>
      <marc:datafield tag="520" ind1=" " ind2=" ">
         <marc:subfield code="a">From NET microfiche, file W: As the allies attack Berlin, "the madman in the
         bunker flings out his last orders" to an "army of old men and boys," then puts a gun to his
         head as the city falls... So ends THE WAR RELIVED, a German look at World War II. The
         madman -- Adolf Hitler -- and his extravagant dream of world domination are the subjects of
         this frank documentary which NET has adapted from a German feature film. Extensive newsreel
         footage, taken from the first days of glory through the final days of holocaust, enable the
         Germans to look at themselves 25 years after the beginning of World War II and to ask: "Who
         cheered? Who obeyed? Who is guilty?" From scenes of the Nuremberg war trials, the program
         goes back to the German preparation for war in summer of 1939 and the first attack on
         Poland that September. The dive bombers strafing Poland, the burning of Warsaw, and the
         boastful German headlines set the film's tone. But those first celebrations were all "very
         pompous and a bit premature," the program notes. The battles continue - the invasion of
         Holland, the fire consuming Rotterdam, the paratroops cracking Belgium's defenses at the
         Albert Canal, and the army driving the allies back through the Forests of Ardennes to
         within 16 miles of the sea. But "the miracle of Dunkirk" is the first of several tactical
         blunders by Hitler, according to the film. Soon to come is "his biggest, most foolish
         venture" - the attack on Russia in 1941. From this point, the film directs itself to three
         areas - the Russian campaign, the battle of the Atlantic, and the African front. The winter
         of 1941 is seen as the war's turning point, as German soldiers face "the searing sun of
         Africa" and the brutal cold of Russia. The "hour of the Red army" comes. Russians, often
         fighting on skis, counterattack. Stalingrad - decisive battle of the war - is still a few
         months away. Suddenly it is the German army which staggers - and German headlines must
         announce chauvinistically: "They died so that Germany may live." In Africa, Montgomery
         attacks, Hitler's tactics fail, and a whole army is captured. Finally comes "the bitterest
         phase as the mightiest invasion fleet the world has ever known" lands on D-Day - June 6,
         1944. Still, the Germans "fight as if Hitler had ordered each and every one of them not to
         give an inch." German strategy increasingly turns to super-weapons - inventions that
         invariably fail, such as the retaliation bomb, the buzz bomb, the V2, the double torpedo,
         and "little Goliath," an anti-tank explosive charge on wheels. But there is no miracle for
         Germany. Now it is the German cities that burn. Paris is freed. And the Stalin tanks
         advance inexorably toward Berlin. In the end, there is just Berlin and its last defenders -
         the sick and the old, men in overcoats and children of 14 sporting "their decorations and
         their destroyed youth." NET JOURNAL - THE WAR RELIVED is a National Educational Television
         presentation based on a film by Planet-Film Production, Germany. NET executive producer:
         William Weston. English version: Dominic Capezza. Narrator: Norman Rose.</marc:subfield>
      </marc:datafield>
      <marc:datafield tag="337" ind1=" " ind2=" ">
         <marc:subfield code="a">Moving Image</marc:subfield>
         <marc:subfield code="2">MAVIS media type controlled vocabulary</marc:subfield>
      </marc:datafield>
      <marc:datafield tag="024" ind1="8" ind2=" ">
         <marc:subfield code="a">2409425</marc:subfield>
         <marc:subfield code="2">MAVIS Title Number</marc:subfield>
      </marc:datafield>
      <marc:datafield tag="024" ind1="8" ind2=" ">
         <marc:subfield code="a">NTWR</marc:subfield>
         <marc:subfield code="2">NET/PBS NOLA</marc:subfield>
      </marc:datafield>
      <marc:datafield tag="024" ind1="8" ind2=" ">
         <marc:subfield code="a">0</marc:subfield>
         <marc:subfield code="2">NET/PBS number</marc:subfield>
      </marc:datafield>
      <marc:datafield tag="024" ind1="8" ind2=" ">
         <marc:subfield code="a">119?</marc:subfield>
         <marc:subfield code="2">NET/PBS number</marc:subfield>
      </marc:datafield>
      <marc:datafield tag="546" ind1=" " ind2=" ">
         <marc:subfield code="a">English</marc:subfield>
      </marc:datafield>
      <marc:datafield tag="653" ind1=" " ind2=" ">
         <marc:subfield code="a">World War, 1939-1945</marc:subfield>
         <marc:subfield code="0">http://id.loc.gov/authorities/subjects/sh85148273</marc:subfield>
      </marc:datafield>
      <marc:datafield tag="245" ind1="0" ind2="0">
         <marc:subfield code="a">NET journal. The war relived.</marc:subfield>
         <marc:subfield code="b">Planet-Film Production, Germany ; National
         Educational Television presentation ; executive producer, William Weston ; English version
         [translator], Dominic Capezza.</marc:subfield>
      </marc:datafield>
      <marc:datafield tag="246" ind1="3" ind2="3">
         <marc:subfield code="a">The war relived.</marc:subfield>
      </marc:datafield>
      <marc:datafield tag="246" ind1="3" ind2="3">
         <marc:subfield code="a">NET journal
         #119--the war relived.</marc:subfield>
      </marc:datafield>
      <marc:datafield tag="246" ind1="3" ind2="3">
         <marc:subfield code="a">NET journal. [No. 119], The war relived.</marc:subfield>
      </marc:datafield>
      <marc:datafield tag="655" ind1=" " ind2="0">
         <marc:subfield code="a">Documentary television programs
         (lcgft)</marc:subfield>
         <marc:subfield code="0">http://id.loc.gov/authorities/genreForms/gf2011026207</marc:subfield>
      </marc:datafield>
      <marc:datafield tag="655" ind1=" " ind2="0">
         <marc:subfield code="a">Educational television programs
         (lcgft)</marc:subfield>
         <marc:subfield code="0">http://id.loc.gov/authorities/genreForms/gf2011026221\n</marc:subfield>
      </marc:datafield>
      <marc:datafield tag="655" ind1=" " ind2="0">
         <marc:subfield code="a">Nonfiction television programs
         (lcgft)</marc:subfield>
         <marc:subfield code="0">http://id.loc.gov/authorities/genreForms/gf2011026425</marc:subfield>
      </marc:datafield>
   </marc:record>