
   <marc:record>
      <marc:leader>      am         3u     </marc:leader>
      <marc:datafield tag="042" ind1=" " ind2=" ">
         <marc:subfield code="a">dc</marc:subfield>
      </marc:datafield>
      <marc:datafield tag="720" ind1=" " ind2=" ">
         <marc:subfield code="a">National Educational Television and Radio Center</marc:subfield>
         <marc:subfield code="e">Broadcaster</marc:subfield>
         <marc:subfield code="0">http://id.loc.gov/authorities/names/n80050382</marc:subfield>
      </marc:datafield>
      <marc:datafield tag="720" ind1=" " ind2=" ">
         <marc:subfield code="a">Sopanen,
         Jeri</marc:subfield>
         <marc:subfield code="e">Cameraman</marc:subfield>
         <marc:subfield code="0">http://id.loc.gov/authorities/names/no00028545</marc:subfield>
      </marc:datafield>
      <marc:datafield tag="720" ind1=" " ind2=" ">
         <marc:subfield code="a">McCutchen, Dick</marc:subfield>
         <marc:subfield code="e">Narrator</marc:subfield>
         <marc:subfield code="0">http://id.loc.gov/authorities/names/no00028548</marc:subfield>
      </marc:datafield>
      <marc:datafield tag="720" ind1=" " ind2=" ">
         <marc:subfield code="a">National Educational Television and Radio Center</marc:subfield>
         <marc:subfield code="e">Production Company</marc:subfield>
         <marc:subfield code="0">http://id.loc.gov/authorities/names/n80050382</marc:subfield>
      </marc:datafield>
      <marc:datafield tag="720" ind1=" " ind2=" ">
         <marc:subfield code="a">Mayer, Lynne
         Rhodes</marc:subfield>
         <marc:subfield code="e">Writer</marc:subfield>
         <marc:subfield code="0">http://id.loc.gov/authorities/names/n96008261</marc:subfield>
      </marc:datafield>
      <marc:datafield tag="720" ind1=" " ind2=" ">
         <marc:subfield code="a">Mayer,
         Harold</marc:subfield>
         <marc:subfield code="e">Producer</marc:subfield>
         <marc:subfield code="0">http://id.loc.gov/authorities/names/no00028543</marc:subfield>
      </marc:datafield>
      <marc:datafield tag="720" ind1=" " ind2=" ">
         <marc:subfield code="a">Mayer,
         Harold</marc:subfield>
         <marc:subfield code="e">Director</marc:subfield>
         <marc:subfield code="0">http://id.loc.gov/authorities/names/no00028543</marc:subfield>
      </marc:datafield>
      <marc:datafield tag="260" ind1=" " ind2=" ">
         <marc:subfield code="c">1967-5-1</marc:subfield>
      </marc:datafield>
      <marc:datafield tag="520" ind1=" " ind2=" ">
         <marc:subfield code="a">From NET microfiche (W): In September 1966, a major metropolitan university
         took on a major problem in secondary education - the ghetto school. Backed by a Ford
         Foundation grant, New York University's Clinic for Learning focused its attention and
         talents on Junior High School 57 in the Bedford-Stuyvesant section of Brooklyn. At the same
         time, producer Harold Mayer and his crew arrived for a documentary study of the ghetto
         school. Original impressions were far from encouraging. The NET film begins with some of
         these impressions. During a special meeting, members of the NYU project describe the
         reigning mood of each classroom - bedlam, disinterest, no reading skills. How can you make
         them hear? asks Jack Robertson, project director. The camera moves abruptly to a series of
         classrooms, where children play tic-tac-toe, drum on their desks, shout at each other,
         shove, fall off chairs, dance, or sit on a radiator in an attitude of withdrawal. Nowhere
         is there a sense of attention. As one teacher laments: "These kids just don't believe in
         words." Confronted with this chaos, the NYU group and individual teachers try various
         approaches to "reach" the children. Working separately with a troubled boy, an English
         teacher encourages him to deal with language. A Negro teacher of arithmetic shouts "I
         challenge you" to a boy engaged in a problem at the blackboard. Members of his class are
         permitted to sing and to argue among themselves - as long as their subject is arithmetic.
         In another class, students read "Black Boy" by Richard Wright and a detective story, in two
         attempts to make them relate to the material and to view it without their usual disdain.
         Meanwhile, community leaders attempt to engage the local mothers. The camera follows them
         into a grocery store, a church, and a schoolroom where some mothers appear. However, apathy
         is the prevailing mood in the ghetto. While educators debate the best way to proceed,
         little success is noted at Junior High School 57. NYU will devote another 18 months to the
         project. It has already lost five of its original 15 members. At this point, in one
         teacher's words, "we've just learned what questions to ask." But the teacher can't
         simultaneously function as psychologist, cop, mother, father - and teacher, says Mayer.
         "There's a mechanism at work in the ghetto situation. And until you get at it - until, in
         effect, you do away with the ghetto - you can't really talk about education. The simple
         fact is that these kids will be five years behind by the time they get out of high school -
         if they get out. And this is the reality of all urban ghetto education." Suggested
         Newspaper Listing: NET Journal: The Way It Is: At a ghetto school in Brooklyn, this
         documentary traces an experimental project and some traditional
         resistance.</marc:subfield>
      </marc:datafield>
      <marc:datafield tag="337" ind1=" " ind2=" ">
         <marc:subfield code="a">Moving Image</marc:subfield>
         <marc:subfield code="2">MAVIS media type controlled vocabulary</marc:subfield>
      </marc:datafield>
      <marc:datafield tag="024" ind1="8" ind2=" ">
         <marc:subfield code="a">2431958</marc:subfield>
         <marc:subfield code="2">MAVIS Title Number</marc:subfield>
      </marc:datafield>
      <marc:datafield tag="024" ind1="8" ind2=" ">
         <marc:subfield code="a">NJWI</marc:subfield>
         <marc:subfield code="2">NET/PBS NOLA</marc:subfield>
      </marc:datafield>
      <marc:datafield tag="024" ind1="8" ind2=" ">
         <marc:subfield code="a">0</marc:subfield>
         <marc:subfield code="2">NET/PBS number</marc:subfield>
      </marc:datafield>
      <marc:datafield tag="024" ind1="8" ind2=" ">
         <marc:subfield code="a">133</marc:subfield>
         <marc:subfield code="2">Episode Number</marc:subfield>
      </marc:datafield>
      <marc:datafield tag="546" ind1=" " ind2=" ">
         <marc:subfield code="a">English</marc:subfield>
      </marc:datafield>
      <marc:datafield tag="653" ind1=" " ind2=" ">
         <marc:subfield code="a">Education, Urban--New York (State)--New
         York--Case studies</marc:subfield>
         <marc:subfield code="0">http://id.loc.gov/authorities/subjects/sh2009102547</marc:subfield>
      </marc:datafield>
      <marc:datafield tag="653" ind1=" " ind2=" ">
         <marc:subfield code="a"/>
      </marc:datafield>
      <marc:datafield tag="245" ind1="0" ind2="0">
         <marc:subfield code="a">NET journal. The way it is.</marc:subfield>
         <marc:subfield code="b">a production of National Educational
         Television ; producer-director, Harold Mayer ; writer, Lynne Rhodes Mayer.</marc:subfield>
      </marc:datafield>
      <marc:datafield tag="246" ind1="3" ind2="3">
         <marc:subfield code="a">The way it is.</marc:subfield>
      </marc:datafield>
      <marc:datafield tag="246" ind1="3" ind2="3">
         <marc:subfield code="a">Slum education.</marc:subfield>
      </marc:datafield>
      <marc:datafield tag="246" ind1="3" ind2="3">
         <marc:subfield code="a">Way it is, The.</marc:subfield>
      </marc:datafield>
      <marc:datafield tag="246" ind1="3" ind2="3">
         <marc:subfield code="a">NET journal. [No. 133], The way it is.</marc:subfield>
      </marc:datafield>
      <marc:datafield tag="655" ind1=" " ind2="0">
         <marc:subfield code="a">Documentary television programs
         (lcgft)</marc:subfield>
         <marc:subfield code="0">http://id.loc.gov/authorities/genreForms/gf2011026207</marc:subfield>
      </marc:datafield>
      <marc:datafield tag="655" ind1=" " ind2="0">
         <marc:subfield code="a">Nonfiction television programs
         (lcgft)</marc:subfield>
         <marc:subfield code="0">http://id.loc.gov/authorities/genreForms/gf2011026425</marc:subfield>
      </marc:datafield>
      <marc:datafield tag="655" ind1=" " ind2="0">
         <marc:subfield code="a">Public affairs television programs
         (lcgft)</marc:subfield>
         <marc:subfield code="0">http://id.loc.gov/authorities/genreForms/gf2011026476</marc:subfield>
      </marc:datafield>
   </marc:record>