
   <marc:record>
      <marc:leader>      am         3u     </marc:leader>
      <marc:datafield tag="042" ind1=" " ind2=" ">
         <marc:subfield code="a">dc</marc:subfield>
      </marc:datafield>
      <marc:datafield tag="720" ind1=" " ind2=" ">
         <marc:subfield code="a">National Educational Television and Radio Center</marc:subfield>
         <marc:subfield code="e">Broadcaster</marc:subfield>
         <marc:subfield code="0">http://id.loc.gov/authorities/names/n80050382</marc:subfield>
      </marc:datafield>
      <marc:datafield tag="720" ind1=" " ind2=" ">
         <marc:subfield code="a">Cordier, Andrew W. (Andrew Wellington)</marc:subfield>
         <marc:subfield code="e">Participant</marc:subfield>
         <marc:subfield code="0">http://id.loc.gov/authorities/names/nr92028009</marc:subfield>
      </marc:datafield>
      <marc:datafield tag="720" ind1=" " ind2=" ">
         <marc:subfield code="a">Schrag,
         Peter</marc:subfield>
         <marc:subfield code="e">Moderator</marc:subfield>
         <marc:subfield code="0">http://id.loc.gov/authorities/names/n50002858</marc:subfield>
      </marc:datafield>
      <marc:datafield tag="720" ind1=" " ind2=" ">
         <marc:subfield code="a">Harrington, Fred Harvey</marc:subfield>
         <marc:subfield code="e">Participant</marc:subfield>
         <marc:subfield code="0">http://id.loc.gov/authorities/names/n79056622</marc:subfield>
      </marc:datafield>
      <marc:datafield tag="720" ind1=" " ind2=" ">
         <marc:subfield code="a">Knight, Douglas M.</marc:subfield>
         <marc:subfield code="e">Participant</marc:subfield>
         <marc:subfield code="0">http://id.loc.gov/authorities/names/n2010002152</marc:subfield>
      </marc:datafield>
      <marc:datafield tag="720" ind1=" " ind2=" ">
         <marc:subfield code="a">National Educational Television and Radio Center</marc:subfield>
         <marc:subfield code="e">Production Company</marc:subfield>
         <marc:subfield code="0">http://id.loc.gov/authorities/names/n80050382</marc:subfield>
      </marc:datafield>
      <marc:datafield tag="720" ind1=" " ind2=" ">
         <marc:subfield code="a">Schnurman, Ned</marc:subfield>
         <marc:subfield code="e">Executive Producer</marc:subfield>
         <marc:subfield code="0">http://id.loc.gov/authorities/names/no97047977</marc:subfield>
      </marc:datafield>
      <marc:datafield tag="720" ind1=" " ind2=" ">
         <marc:subfield code="a">Schindler,
         Max</marc:subfield>
         <marc:subfield code="e">Director</marc:subfield>
         <marc:subfield code="0">http://id.loc.gov/authorities/names/no99020528</marc:subfield>
      </marc:datafield>
      <marc:datafield tag="720" ind1=" " ind2=" ">
         <marc:subfield code="a">Thomas, Gordon (Television producer)</marc:subfield>
         <marc:subfield code="e">Producer</marc:subfield>
      </marc:datafield>
      <marc:datafield tag="720" ind1=" " ind2=" ">
         <marc:subfield code="a">Starkey, John Richard</marc:subfield>
         <marc:subfield code="e">Producer</marc:subfield>
      </marc:datafield>
      <marc:datafield tag="260" ind1=" " ind2=" ">
         <marc:subfield code="c">1969-4-7</marc:subfield>
      </marc:datafield>
      <marc:datafield tag="520" ind1=" " ind2=" ">
         <marc:subfield code="a">From The Morning News (Wilmington, Delaware) 7 April 1969 page 13: "The hour
         long documentary follows student-administration accord reached after recent University of
         Pennsylvania campus protests. Some students objected to government research contracts which
         would 'foster the war effort' and the university's expansion into a neighboring ghetto.
         With the aid of faculty mediators, a three-fold resolution was defined: suspension of all
         university research deemed 'destructive to human life;' a $10 million indemnity for 'ghetto
         damage;' and provision for neighborhood residents to sit on the board which will consider
         future university expansion. Footage of the student movement, which features the
         University's 'Day of Conscience' discussion of the uses and misuses of knowledge, includes
         interviews with administrators, faculty members, students and area residents." (RPAR
         9/20/2016). From NET microfiche (T): This program examines a break in the inflammatory
         campus scene - at the University of Pennsylvania, where agreement was reached after
         demonstrations just two weeks ago. The protest at Pennsylvania centered around government
         contracts for research that would foster the war effort, and expansion by the University
         into neighboring ghettos. One solution reached by the administration, with the aid of
         faculty mediators, involves the suspension of all research deemed destructive to human
         life. In addition, the University settled on a $10 million indemnity for damage already
         done in the ghetto and arranged for local residents to sit on a board that will consider
         any future expansion. Administrators, faculty members, students, and local residents are
         interviewed on the program. There is also footage of the University's Day of Conscience, at
         which the uses and misuses of knowledge are discussed. For the second half of this program,
         a panel of college presidents will address themselves to the issue of campus
         demonstrations. Panelists are Dr. Andrew W. Cordier of Columbia University, Dr. Douglas M.
         Knight of Duke University, and Fred H. Harrington of the University of Wisconsin.
         Interviewer is Peter Schrag, editor of Change, a journal of higher education, and author of
         "Village School Downtown" and "Voices in the Classroom." The panelists will appear live in
         New York City.</marc:subfield>
      </marc:datafield>
      <marc:datafield tag="337" ind1=" " ind2=" ">
         <marc:subfield code="a">Moving Image</marc:subfield>
         <marc:subfield code="2">MAVIS media type controlled vocabulary</marc:subfield>
      </marc:datafield>
      <marc:datafield tag="024" ind1="8" ind2=" ">
         <marc:subfield code="a">2311076</marc:subfield>
         <marc:subfield code="2">MAVIS Title Number</marc:subfield>
      </marc:datafield>
      <marc:datafield tag="024" ind1="8" ind2=" ">
         <marc:subfield code="a">NJTT</marc:subfield>
         <marc:subfield code="2">NET/PBS NOLA</marc:subfield>
      </marc:datafield>
      <marc:datafield tag="024" ind1="8" ind2=" ">
         <marc:subfield code="a">0 (PBS-1994.xls)</marc:subfield>
         <marc:subfield code="2">NET/PBS number</marc:subfield>
      </marc:datafield>
      <marc:datafield tag="024" ind1="8" ind2=" ">
         <marc:subfield code="a">231 (NET microfiche)</marc:subfield>
         <marc:subfield code="2">NET/PBS number</marc:subfield>
      </marc:datafield>
      <marc:datafield tag="546" ind1=" " ind2=" ">
         <marc:subfield code="a">English</marc:subfield>
      </marc:datafield>
      <marc:datafield tag="787" ind1="0" ind2=" ">
         <marc:subfield code="w">2458427</marc:subfield>
         <marc:subfield code="n">MAVIS id number</marc:subfield>
      </marc:datafield>
      <marc:datafield tag="653" ind1=" " ind2=" ">
         <marc:subfield code="a">College students--Political
         activity</marc:subfield>
         <marc:subfield code="0">http://id.loc.gov/authorities/subjects/sh85028363</marc:subfield>
      </marc:datafield>
      <marc:datafield tag="653" ind1=" " ind2=" ">
         <marc:subfield code="a">University Of Pennsylvania</marc:subfield>
         <marc:subfield code="0">http://id.loc.gov/authorities/names/n79065482</marc:subfield>
      </marc:datafield>
      <marc:datafield tag="245" ind1="0" ind2="0">
         <marc:subfield code="a">NET journal. To calm a troubled campus.</marc:subfield>
         <marc:subfield code="b">a production of National Educational
         Television ; producer, John Richard Starkey; field producer, Gordon Thomas ; executive
         producer, Ned Schnurman ; director, Max Schindler.</marc:subfield>
      </marc:datafield>
      <marc:datafield tag="246" ind1="3" ind2="3">
         <marc:subfield code="a">To calm a troubled campus.</marc:subfield>
      </marc:datafield>
      <marc:datafield tag="246" ind1="3" ind2="3">
         <marc:subfield code="a">NET journal. [No. 231], To calm a troubled
         campus.</marc:subfield>
      </marc:datafield>
      <marc:datafield tag="655" ind1=" " ind2="0">
         <marc:subfield code="a">Documentary television programs
         (lcgft)</marc:subfield>
         <marc:subfield code="0">http://id.loc.gov/authorities/genreForms/gf2011026207</marc:subfield>
      </marc:datafield>
      <marc:datafield tag="655" ind1=" " ind2="0">
         <marc:subfield code="a">Nonfiction television programs
         (lcgft)</marc:subfield>
         <marc:subfield code="0">http://id.loc.gov/authorities/genreForms/gf2011026425</marc:subfield>
      </marc:datafield>
      <marc:datafield tag="655" ind1=" " ind2="0">
         <marc:subfield code="a">Television panel discussions
         (lcgft)</marc:subfield>
         <marc:subfield code="0">http://id.loc.gov/authorities/genreForms/gf2011026668</marc:subfield>
      </marc:datafield>
   </marc:record>