
   <marc:record>
      <marc:leader>      am         3u     </marc:leader>
      <marc:datafield tag="042" ind1=" " ind2=" ">
         <marc:subfield code="a">dc</marc:subfield>
      </marc:datafield>
      <marc:datafield tag="720" ind1=" " ind2=" ">
         <marc:subfield code="a">National Educational Television and Radio Center</marc:subfield>
         <marc:subfield code="e">Broadcaster</marc:subfield>
         <marc:subfield code="0">http://id.loc.gov/authorities/names/n80050382</marc:subfield>
      </marc:datafield>
      <marc:datafield tag="720" ind1=" " ind2=" ">
         <marc:subfield code="a">National Educational Television and Radio Center</marc:subfield>
         <marc:subfield code="e">Production Company</marc:subfield>
         <marc:subfield code="0">http://id.loc.gov/authorities/names/n80050382</marc:subfield>
      </marc:datafield>
      <marc:datafield tag="720" ind1=" " ind2=" ">
         <marc:subfield code="a">Schnurman, Ned</marc:subfield>
         <marc:subfield code="e">Executive Producer</marc:subfield>
         <marc:subfield code="0">http://id.loc.gov/authorities/names/no97047977</marc:subfield>
      </marc:datafield>
      <marc:datafield tag="720" ind1=" " ind2=" ">
         <marc:subfield code="a">Schindler,
         Max</marc:subfield>
         <marc:subfield code="e">Director</marc:subfield>
         <marc:subfield code="0">http://id.loc.gov/authorities/names/no99020528</marc:subfield>
      </marc:datafield>
      <marc:datafield tag="720" ind1=" " ind2=" ">
         <marc:subfield code="a">Thomas, Gordon (Television producer)</marc:subfield>
         <marc:subfield code="e">Producer</marc:subfield>
      </marc:datafield>
      <marc:datafield tag="720" ind1=" " ind2=" ">
         <marc:subfield code="a">Starkey, John Richard</marc:subfield>
         <marc:subfield code="e">Producer</marc:subfield>
      </marc:datafield>
      <marc:datafield tag="260" ind1=" " ind2=" ">
         <marc:subfield code="c">1969-4-7</marc:subfield>
      </marc:datafield>
      <marc:datafield tag="520" ind1=" " ind2=" ">
         <marc:subfield code="a">This is the first half-hour of "To calm a troubled campus" shown as part of
         the NET journal series. The PBS-1994 Excel spreadsheet indicates this is the "master."
         Although it appears to be substantially the same as the footage on MAVIS 2311076, slight
         differences were detected at the end and at the beginning of the program. Digital file on
         MAVIS 2311076 and VBP 8253 were both partially viewed. LSLee. 2018-03-01. This program does
         not include the brief introductory segment by Peter Schrag and does not include the second
         half of the program -- the discussion by university representatives, moderated by Peter
         Schrag. No ending credits on VBP 8253. From NET microfiche (T): Summary of episode: This
         program examines a break in the inflammatory campus scene - at the University of
         Pennsylvania, where agreement was reached after demonstrations just two weeks ago. The
         protest at Pennsylvania centered around government contracts for research that would foster
         the war effort, and expansion by the University into neighboring ghettos. One solution
         reached by the administration, with the aid of faculty mediators, involves the suspension
         of all research deemed destructive to human life. In addition, the University settled on a
         $10 million indemnity for damage already done in the ghetto and arranged for local
         residents to sit on a board that will consider any future expansion. Administrators,
         faculty members, students, and local residents are interviewed on the program. There is
         also footage of the University's Day of Conscience, at which the uses and misuses of
         knowledge are discussed. For the second half of this program, a panel of college presidents
         will address themselves to the issue of campus demonstrations. Panelists are Dr. Andrew W.
         Cordier of Columbia University, Dr. Douglas M. Knight of Duke University, and Fred H.
         Harrington of the University of Wisconsin. Interviewer is Peter Schrag, editor of Change, a
         journal of higher education, and author of "Village School Downtown" and "Voices in the
         Classroom." The panelists will appear live in New York City.</marc:subfield>
      </marc:datafield>
      <marc:datafield tag="337" ind1=" " ind2=" ">
         <marc:subfield code="a">Moving Image</marc:subfield>
         <marc:subfield code="2">MAVIS media type controlled vocabulary</marc:subfield>
      </marc:datafield>
      <marc:datafield tag="024" ind1="8" ind2=" ">
         <marc:subfield code="a">2458427</marc:subfield>
         <marc:subfield code="2">MAVIS Title Number</marc:subfield>
      </marc:datafield>
      <marc:datafield tag="024" ind1="8" ind2=" ">
         <marc:subfield code="a">NJUP</marc:subfield>
         <marc:subfield code="2">NET/PBS NOLA</marc:subfield>
      </marc:datafield>
      <marc:datafield tag="024" ind1="8" ind2=" ">
         <marc:subfield code="a">0</marc:subfield>
         <marc:subfield code="2">NET/PBS number</marc:subfield>
      </marc:datafield>
      <marc:datafield tag="546" ind1=" " ind2=" ">
         <marc:subfield code="a">English</marc:subfield>
      </marc:datafield>
      <marc:datafield tag="787" ind1="0" ind2=" ">
         <marc:subfield code="w">2311076</marc:subfield>
         <marc:subfield code="n">MAVIS id number</marc:subfield>
      </marc:datafield>
      <marc:datafield tag="653" ind1=" " ind2=" ">
         <marc:subfield code="a">College students--Political
         activity</marc:subfield>
         <marc:subfield code="0">http://id.loc.gov/authorities/subjects/sh85028363</marc:subfield>
      </marc:datafield>
      <marc:datafield tag="653" ind1=" " ind2=" ">
         <marc:subfield code="a">University Of Pennsylvania</marc:subfield>
         <marc:subfield code="0">http://id.loc.gov/authorities/names/n79065482</marc:subfield>
      </marc:datafield>
      <marc:datafield tag="245" ind1="0" ind2="0">
         <marc:subfield code="a">[NET journal. To calm a troubled
         campus--excerpt].</marc:subfield>
         <marc:subfield code="b">a production of National Educational
         Television ; producer, John Richard Starkey; field producer, Gordon Thomas ; executive
         producer, Ned Schnurman ; director, Max Schindler.</marc:subfield>
      </marc:datafield>
      <marc:datafield tag="246" ind1="3" ind2="3">
         <marc:subfield code="a">NET journal. University of
         Penn.</marc:subfield>
      </marc:datafield>
      <marc:datafield tag="246" ind1="3" ind2="3">
         <marc:subfield code="a">University of Pennsylvania.
         [1969-04-07] [Master].</marc:subfield>
      </marc:datafield>
      <marc:datafield tag="246" ind1="3" ind2="3">
         <marc:subfield code="a">NET journal. University of Pennsylvania.</marc:subfield>
      </marc:datafield>
      <marc:datafield tag="655" ind1=" " ind2="0">
         <marc:subfield code="a">Documentary television programs
         (lcgft)</marc:subfield>
         <marc:subfield code="0">http://id.loc.gov/authorities/genreForms/gf2011026207</marc:subfield>
      </marc:datafield>
      <marc:datafield tag="655" ind1=" " ind2="0">
         <marc:subfield code="a">Nonfiction television programs
         (lcgft)</marc:subfield>
         <marc:subfield code="0">http://id.loc.gov/authorities/genreForms/gf2011026425</marc:subfield>
      </marc:datafield>
      <marc:datafield tag="655" ind1=" " ind2="0">
         <marc:subfield code="a">Television program excerpts
         (lcgft)</marc:subfield>
         <marc:subfield code="0">http://id.loc.gov/authorities/genreForms/gf2011026672</marc:subfield>
      </marc:datafield>
   </marc:record>