
   <marc:record>
      <marc:leader>      am         3u     </marc:leader>
      <marc:datafield tag="042" ind1=" " ind2=" ">
         <marc:subfield code="a">dc</marc:subfield>
      </marc:datafield>
      <marc:datafield tag="720" ind1=" " ind2=" ">
         <marc:subfield code="a">National Educational Television and Radio Center</marc:subfield>
         <marc:subfield code="e">Broadcaster</marc:subfield>
         <marc:subfield code="0">http://id.loc.gov/authorities/names/n80050382</marc:subfield>
      </marc:datafield>
      <marc:datafield tag="720" ind1=" " ind2=" ">
         <marc:subfield code="a">La Pierre, Laurier</marc:subfield>
         <marc:subfield code="e">Moderator</marc:subfield>
      </marc:datafield>
      <marc:datafield tag="720" ind1=" " ind2=" ">
         <marc:subfield code="a">National Educational Television and Radio Center</marc:subfield>
         <marc:subfield code="e">Production Company</marc:subfield>
         <marc:subfield code="0">http://id.loc.gov/authorities/names/n80050382</marc:subfield>
      </marc:datafield>
      <marc:datafield tag="720" ind1=" " ind2=" ">
         <marc:subfield code="a">Canadian Broadcasting Corporation</marc:subfield>
         <marc:subfield code="e">Production Company</marc:subfield>
         <marc:subfield code="0">http://id.loc.gov/authorities/names/n80085267</marc:subfield>
      </marc:datafield>
      <marc:datafield tag="720" ind1=" " ind2=" ">
         <marc:subfield code="a">McCarthy, Harry</marc:subfield>
         <marc:subfield code="e">Producer</marc:subfield>
      </marc:datafield>
      <marc:datafield tag="720" ind1=" " ind2=" ">
         <marc:subfield code="a">Ruskin, David</marc:subfield>
         <marc:subfield code="e">Director</marc:subfield>
      </marc:datafield>
      <marc:datafield tag="260" ind1=" " ind2=" ">
         <marc:subfield code="c">1967-6-26</marc:subfield>
      </marc:datafield>
      <marc:datafield tag="520" ind1=" " ind2=" ">
         <marc:subfield code="a">From NET microfiche: An American-Canadian student debate, taped on the campus
         of New York University during the recent (April 24-28) celebration of Canada Week. The
         subject was the war in Viet Nam, and the debate, in which no formal sides were drawn,
         resulted in an anti-war stand by the American students, with the Canadians arguing for the
         U.S. involvement In Vietnam. Among the institutions represented are the University of
         Toronto, Dartmouth, Columbia, Harvard, and Smith College. The moderator is Laurier La
         Pierre, a noted CBC television personality and a member of the faculty of McGlll
         University. The debate took up such issues as what role Canada should play in the Viet Nam
         dispute, i.e., should it try to be an intermediary, and if so should its method be that of
         quiet diplomacy or direct negotiation. Or should Canada assume a more activist form of
         protest against the war. Should Canada risk alienating Washington by such protest? Should
         Canada allow itself to be a haven for young Americans fleeing the draft? And should it
         allow American anti-war groups to ship supplies to North Viet Nam through Canadian
         channels? Suggested Newspaper Listing: On the campus of New York University, American and
         Canadian students debate the war in Vietnam, with the former virtually unanimous in their
         condemnation of American policy and the latter generally in favor of U.S. involvement.
         Program Description (Additional Information): American students call on Canada to be "more
         condemnatory" of US involvement in Vietnam during a "Canada Week" celebration at New York
         University. National Educational television presents highlights from this campus discussion
         in the hour-long program, "Two Views: A Canadian-American Student Debate." The "NET
         Journal" program is moderated by Professor Laurier La Pierre of McGill University and
         features students from several American and Canadian universities - including Dartmouth,
         Columbia, Harvard, University of Toronto, and Smith College. The students asks: Should
         Canada take an independent stand on the Vietnam War, or would its economic reliance on the
         US be endangered by criticism? And should Canada provide a haven for young American "draft
         dodgers?" Virtually all of the American students deplore the American military effort and
         call on Canada to "break more ties" with the US and to shed its "subservient position."
         Canadian students feel that their country "fears a hostile Washington" and question whether
         most Canadians "give a damn about what's going on in Vietnam." The students also debate
         whether Canada should be used as a shipping point by Americans wishing to help the North
         Vietnamese people, and whether the protest movement in either Canada or the United States
         is a significant political weapon.</marc:subfield>
      </marc:datafield>
      <marc:datafield tag="337" ind1=" " ind2=" ">
         <marc:subfield code="a">Moving Image</marc:subfield>
         <marc:subfield code="2">MAVIS media type controlled vocabulary</marc:subfield>
      </marc:datafield>
      <marc:datafield tag="024" ind1="8" ind2=" ">
         <marc:subfield code="a">2331898</marc:subfield>
         <marc:subfield code="2">MAVIS Title Number</marc:subfield>
      </marc:datafield>
      <marc:datafield tag="024" ind1="8" ind2=" ">
         <marc:subfield code="a">NJTV</marc:subfield>
         <marc:subfield code="2">NET/PBS NOLA</marc:subfield>
      </marc:datafield>
      <marc:datafield tag="024" ind1="8" ind2=" ">
         <marc:subfield code="a">0</marc:subfield>
         <marc:subfield code="2">NET/PBS number</marc:subfield>
      </marc:datafield>
      <marc:datafield tag="024" ind1="8" ind2=" ">
         <marc:subfield code="a">141</marc:subfield>
         <marc:subfield code="2">NET/PBS number</marc:subfield>
      </marc:datafield>
      <marc:datafield tag="546" ind1=" " ind2=" ">
         <marc:subfield code="a">English</marc:subfield>
      </marc:datafield>
      <marc:datafield tag="653" ind1=" " ind2=" ">
         <marc:subfield code="a">Vietnam War, 1961-1975</marc:subfield>
         <marc:subfield code="0">http://id.loc.gov/authorities/subjects/sh85143277</marc:subfield>
      </marc:datafield>
      <marc:datafield tag="245" ind1="0" ind2="0">
         <marc:subfield code="a">NET journal. Two views.</marc:subfield>
         <marc:subfield code="b">co-production of National Educational
         Television and Canadian Broadcasting Corporation; producer, Harry McCarthy; director, David
         Ruskin.</marc:subfield>
      </marc:datafield>
      <marc:datafield tag="246" ind1="3" ind2="3">
         <marc:subfield code="a">Two views--A Canadian-American student
         debate.</marc:subfield>
      </marc:datafield>
      <marc:datafield tag="246" ind1="3" ind2="3">
         <marc:subfield code="a">Two views.</marc:subfield>
      </marc:datafield>
      <marc:datafield tag="246" ind1="3" ind2="3">
         <marc:subfield code="a">A Canadian-American student
         debate.</marc:subfield>
      </marc:datafield>
      <marc:datafield tag="246" ind1="3" ind2="3">
         <marc:subfield code="a">NET journal. [No. 141], Two views--A
         Canadian-American student debate.</marc:subfield>
      </marc:datafield>
      <marc:datafield tag="246" ind1="3" ind2="3">
         <marc:subfield code="a">NET journal. [No. 141], Two views.</marc:subfield>
      </marc:datafield>
      <marc:datafield tag="246" ind1="3" ind2="3">
         <marc:subfield code="a">NET journal. Two views--A Canadian-American student
         debate.</marc:subfield>
      </marc:datafield>
      <marc:datafield tag="655" ind1=" " ind2="0">
         <marc:subfield code="a">Nonfiction television programs
         (lcgft)</marc:subfield>
         <marc:subfield code="0">http://id.loc.gov/authorities/genreForms/gf2011026425</marc:subfield>
      </marc:datafield>
      <marc:datafield tag="655" ind1=" " ind2="0">
         <marc:subfield code="a">Public affairs television programs
         (lcgft)</marc:subfield>
         <marc:subfield code="0">http://id.loc.gov/authorities/genreForms/gf2011026476</marc:subfield>
      </marc:datafield>
      <marc:datafield tag="655" ind1=" " ind2="0">
         <marc:subfield code="a">Television debates (lcgft)</marc:subfield>
         <marc:subfield code="0">http://id.loc.gov/authorities/genreForms/gf2011026660\n</marc:subfield>
      </marc:datafield>
   </marc:record>