
   <marc:record>
      <marc:leader>      am         3u     </marc:leader>
      <marc:datafield tag="042" ind1=" " ind2=" ">
         <marc:subfield code="a">dc</marc:subfield>
      </marc:datafield>
      <marc:datafield tag="720" ind1=" " ind2=" ">
         <marc:subfield code="a">Kerr,
         Clark</marc:subfield>
         <marc:subfield code="e">Interviewee</marc:subfield>
         <marc:subfield code="0">http://id.loc.gov/authorities/names/n78093730</marc:subfield>
      </marc:datafield>
      <marc:datafield tag="720" ind1=" " ind2=" ">
         <marc:subfield code="a">National Educational Television and Radio Center</marc:subfield>
         <marc:subfield code="e">Broadcaster</marc:subfield>
         <marc:subfield code="0">http://id.loc.gov/authorities/names/n80050382</marc:subfield>
      </marc:datafield>
      <marc:datafield tag="720" ind1=" " ind2=" ">
         <marc:subfield code="a">Russin, Joseph</marc:subfield>
         <marc:subfield code="e">Interviewer</marc:subfield>
      </marc:datafield>
      <marc:datafield tag="720" ind1=" " ind2=" ">
         <marc:subfield code="a">Russin, Joseph</marc:subfield>
         <marc:subfield code="e">Host</marc:subfield>
      </marc:datafield>
      <marc:datafield tag="720" ind1=" " ind2=" ">
         <marc:subfield code="a">WGBH (Television station : Boston,
         Mass.)</marc:subfield>
         <marc:subfield code="e">Cooperation/Association</marc:subfield>
         <marc:subfield code="0">http://id.loc.gov/authorities/names/n80089989</marc:subfield>
      </marc:datafield>
      <marc:datafield tag="720" ind1=" " ind2=" ">
         <marc:subfield code="a">National Educational Television and Radio Center</marc:subfield>
         <marc:subfield code="e">Production Company</marc:subfield>
         <marc:subfield code="0">http://id.loc.gov/authorities/names/n80050382</marc:subfield>
      </marc:datafield>
      <marc:datafield tag="720" ind1=" " ind2=" ">
         <marc:subfield code="a">Spergel, Howard</marc:subfield>
         <marc:subfield code="e">Producer</marc:subfield>
      </marc:datafield>
      <marc:datafield tag="260" ind1=" " ind2=" ">
         <marc:subfield code="c">1967-5-22</marc:subfield>
      </marc:datafield>
      <marc:datafield tag="520" ind1=" " ind2=" ">
         <marc:subfield code="a">From NET microfiche, file U: Program Description #1: Clark Kerr discusses the
         role of the university in relation to the student, the community and the government in an
         interview with Joseph Russin on the campus of Harvard University. Kerr, former President of
         the University of California, notes that today's students are helping to create reforms in
         society and to broaden education on campus. But the student, Kerr says, should have no more
         than "an advisory role in the university." He feels that the university should not engage
         in "secret research" for the government, but should leave the decision of its "morality" to
         the individual faculty members (i.e. in A-bomb or biological warfare research). Kerr also
         notes the "undesirability" of public influences on the university (an apparent reference to
         his conflict with the California Board of Regents). The difficulty, Kerr says, is that "the
         university has become so important to all of society ... that everybody's got an interest
         in it ... Somebody ought to be the protector of its permanent purposes." Discussing the
         difference between student morality and adult morality, Kerr says, "the minds don't meet."
         Youths "charge society with being immoral" for its espousal of war and prejudice, whereas
         youths are condemned as immoral for their attitudes on sex and drugs. Kerr warns, however,
         that it is dangerous to consider the protesting students as a single entity. "The
         university ought to adapt to the students' role to self-determination." They are "part of
         the community, not transients." But Kerr adds: "Protest can't go beyond the law." Kerr does
         not believe in "selective conscientious objectors." A young person can't "choose which war"
         he's going to protest. He also notes an "abuse" in the deferment of college students
         because they can afford to continue in school. In returning to teach at the University of
         California, Kerr says, "I wanted to declare ... my confidence in the long-range future of
         the University." Program Description #2: "Student power" must not extend to "determining
         the curriculum" or deciding "who gets hired and fired" on the university campus, former
         University of California president Clark Kerr said in a National Educational Television
         interview last night (Monday, May 22). "The student can give good advice," but he remains
         "an apprentice in the academic world," Kerr explained on "NET Journal - University Power: A
         Conversation with Clark Kerr." The program was carried locally on WNDT/Channel 13. Though
         commending the students' interest in "a broader orientation toward the world," Kerr said
         they should be limited to a "judicial" or "legislative" role in the handling of campus
         affairs. Given "an executive role," he said, "they'd turn it over to bureaucracy too, and
         not give it very good supervision." Kerr also discussed the students' new interest in
         "moral rhetoric." Comparing the current student protest with his own involvement with the
         great issues of the 1930's, Kerr said, "For every person like myself in the '30s, there'd
         be ten or 100 today." Kerr also discussed the relationship between the university and
         society: "The university has become so important to all of society that nobody wants to
         leave it alone any more ... Everybody's got an interest in it ... Somebody ought to protect
         its permanent purposes." Asked about his firing, Kerr said: "The Regents felt they had an
         obligation to the people through the Governor," on the basis of Ronald Reagan's large
         plurality. Though the Regents have an obligation to be a "buffer" between the public and
         the university, Kerr said, "in the end it was less than it should have been." Kerr was
         asked if the university should engage in secret research that fosters the war effort. He
         said: "Secrecy is quite inconsistent with the purpose of the university on campus."
         However, the individual faculty member should have the right to decide, Kerr said.
         Concerning chemical research that's not secret, Kerr supported the discovery of new
         knowledge, regardless of its eventual purpose. "If you don't discover it, someone else
         will." He added: "The University is really concerned with the true, not the good."
         Returning to the subject of student protest, Kerr said: "Protest should not go beyond the
         law," nor "into the classroom." The university, however, should be "a moral voice" in a
         subject such as the draft. He strongly opposed the idea of selective conscientious
         objections. "You can't say people can pick and choose which war they're going to fight in.
         Either you're against war or you aren't." He added: "The biggest abuse is the deferment of
         college students, since they can afford to remain in school."</marc:subfield>
      </marc:datafield>
      <marc:datafield tag="337" ind1=" " ind2=" ">
         <marc:subfield code="a">Moving Image</marc:subfield>
         <marc:subfield code="2">MAVIS media type controlled vocabulary</marc:subfield>
      </marc:datafield>
      <marc:datafield tag="024" ind1="8" ind2=" ">
         <marc:subfield code="a">2447134</marc:subfield>
         <marc:subfield code="2">MAVIS Title Number</marc:subfield>
      </marc:datafield>
      <marc:datafield tag="024" ind1="8" ind2=" ">
         <marc:subfield code="a">NJUN</marc:subfield>
         <marc:subfield code="2">NET/PBS NOLA</marc:subfield>
      </marc:datafield>
      <marc:datafield tag="024" ind1="8" ind2=" ">
         <marc:subfield code="a">0</marc:subfield>
         <marc:subfield code="2">NET/PBS number</marc:subfield>
      </marc:datafield>
      <marc:datafield tag="546" ind1=" " ind2=" ">
         <marc:subfield code="a">English</marc:subfield>
      </marc:datafield>
      <marc:datafield tag="653" ind1=" " ind2=" ">
         <marc:subfield code="a">Student movements</marc:subfield>
         <marc:subfield code="0">http://id.loc.gov/authorities/subjects/sh85129276</marc:subfield>
      </marc:datafield>
      <marc:datafield tag="653" ind1=" " ind2=" ">
         <marc:subfield code="a">College presidents</marc:subfield>
         <marc:subfield code="0">http://id.loc.gov/authorities/subjects/sh85028315</marc:subfield>
      </marc:datafield>
      <marc:datafield tag="653" ind1=" " ind2=" ">
         <marc:subfield code="a">College students--Political
         activity</marc:subfield>
         <marc:subfield code="0">http://id.loc.gov/authorities/subjects/sh85028363</marc:subfield>
      </marc:datafield>
      <marc:datafield tag="653" ind1=" " ind2=" ">
         <marc:subfield code="a">Kerr, Clark</marc:subfield>
         <marc:subfield code="0">http://id.loc.gov/authorities/names/n78093730</marc:subfield>
      </marc:datafield>
      <marc:datafield tag="245" ind1="0" ind2="0">
         <marc:subfield code="a">NET journal. University power--a conversation with
         Clark Kerr.</marc:subfield>
         <marc:subfield code="b">a production of National Educational
         Television ; produced through the facilities of WGBH, Boston ; producer, Howard
         Spergel.</marc:subfield>
      </marc:datafield>
      <marc:datafield tag="246" ind1="3" ind2="3">
         <marc:subfield code="a">University power--a conversation with
         Clark Kerr.</marc:subfield>
      </marc:datafield>
      <marc:datafield tag="246" ind1="3" ind2="3">
         <marc:subfield code="a">A conversation with Clark
         Kerr.</marc:subfield>
      </marc:datafield>
      <marc:datafield tag="655" ind1=" " ind2="0">
         <marc:subfield code="a">Nonfiction television programs
         (lcgft)</marc:subfield>
         <marc:subfield code="0">http://id.loc.gov/authorities/genreForms/gf2011026425</marc:subfield>
      </marc:datafield>
      <marc:datafield tag="655" ind1=" " ind2="0">
         <marc:subfield code="a">Television interviews
         (lcgft)</marc:subfield>
         <marc:subfield code="0">http://id.loc.gov/authorities/genreForms/gf2011026662\n</marc:subfield>
      </marc:datafield>
   </marc:record>