
   <marc:record>
      <marc:leader>      am         3u     </marc:leader>
      <marc:datafield tag="042" ind1=" " ind2=" ">
         <marc:subfield code="a">dc</marc:subfield>
      </marc:datafield>
      <marc:datafield tag="720" ind1=" " ind2=" ">
         <marc:subfield code="a">National Educational Television and Radio Center</marc:subfield>
         <marc:subfield code="e">Broadcaster</marc:subfield>
         <marc:subfield code="0">http://id.loc.gov/authorities/names/n80050382</marc:subfield>
      </marc:datafield>
      <marc:datafield tag="720" ind1=" " ind2=" ">
         <marc:subfield code="a">Ingersoll, Ralph</marc:subfield>
         <marc:subfield code="e">Appearing</marc:subfield>
         <marc:subfield code="0">http://id.loc.gov/authorities/names/n84157734</marc:subfield>
      </marc:datafield>
      <marc:datafield tag="720" ind1=" " ind2=" ">
         <marc:subfield code="a">Ferry,
         W. H.</marc:subfield>
         <marc:subfield code="e">Appearing</marc:subfield>
         <marc:subfield code="0">http://id.loc.gov/authorities/names/n84216349</marc:subfield>
      </marc:datafield>
      <marc:datafield tag="720" ind1=" " ind2=" ">
         <marc:subfield code="a">Conniff,
         Frank</marc:subfield>
         <marc:subfield code="e">Appearing</marc:subfield>
         <marc:subfield code="0">http://id.loc.gov/authorities/names/n2010052874</marc:subfield>
      </marc:datafield>
      <marc:datafield tag="720" ind1=" " ind2=" ">
         <marc:subfield code="a">Banker, Paul</marc:subfield>
         <marc:subfield code="e">Appearing</marc:subfield>
      </marc:datafield>
      <marc:datafield tag="720" ind1=" " ind2=" ">
         <marc:subfield code="a">Heisler, Philip</marc:subfield>
         <marc:subfield code="e">Appearing</marc:subfield>
      </marc:datafield>
      <marc:datafield tag="720" ind1=" " ind2=" ">
         <marc:subfield code="a">Noel, Sterling</marc:subfield>
         <marc:subfield code="e">Appearing</marc:subfield>
      </marc:datafield>
      <marc:datafield tag="720" ind1=" " ind2=" ">
         <marc:subfield code="a">Collins,
         George W.</marc:subfield>
         <marc:subfield code="e">Appearing</marc:subfield>
         <marc:subfield code="0">http://id.loc.gov/authorities/names/n2017026659</marc:subfield>
      </marc:datafield>
      <marc:datafield tag="720" ind1=" " ind2=" ">
         <marc:subfield code="a">National Educational Television and Radio Center</marc:subfield>
         <marc:subfield code="e">Production Company</marc:subfield>
         <marc:subfield code="0">http://id.loc.gov/authorities/names/n80050382</marc:subfield>
      </marc:datafield>
      <marc:datafield tag="720" ind1=" " ind2=" ">
         <marc:subfield code="a">Perlmutter, Al</marc:subfield>
         <marc:subfield code="e">Executive Producer</marc:subfield>
         <marc:subfield code="0">http://id.loc.gov/authorities/names/nr95001160</marc:subfield>
      </marc:datafield>
      <marc:datafield tag="720" ind1=" " ind2=" ">
         <marc:subfield code="a">O'Toole,
         John, 1931-</marc:subfield>
         <marc:subfield code="e">Producer</marc:subfield>
         <marc:subfield code="0">http://id.loc.gov/authorities/names/n93074312</marc:subfield>
      </marc:datafield>
      <marc:datafield tag="720" ind1=" " ind2=" ">
         <marc:subfield code="a">O'Toole, John,
         1931-</marc:subfield>
         <marc:subfield code="e">Writer</marc:subfield>
         <marc:subfield code="0">http://id.loc.gov/authorities/names/n93074312</marc:subfield>
      </marc:datafield>
      <marc:datafield tag="260" ind1=" " ind2=" ">
         <marc:subfield code="c">1966-10-24</marc:subfield>
      </marc:datafield>
      <marc:datafield tag="520" ind1=" " ind2=" ">
         <marc:subfield code="a">From NET microfiche: THE VANISHING NEWSPAPER (Part 1) examines the
         metropolitan press on its road to monopoly and merger. It relates the financial dilemma of
         the big-city press to its failure to deal with the problems of its cities - such as the
         spreading Negro ghettos and the disappearing white middle class. This portion of the
         program focuses on the changing character of the city of Baltimore and the role played by
         Baltimore papers, which have only recently devoted adequate space to the problems of the
         Negro. Tracing the exodus of the middle class to the suburbs, THE VANISHING NEWSPAPER goes
         into the Chicago suburb of Arlington Heights, IL where Marshall Field Enterprises has
         opened a daily paper in competition with the community weekly. The program discusses the
         trend toward daily supplemental papers which must become complete newspapers to survive in
         a country where one-paper families abound. Among those featured on the program: " Ralph
         Ingersoll, former editor of PM, who laments that advertising forces newspapers to direct
         themselves to the affluent. " W.H. (Ping) Ferry, of the Center for the Study of Democratic
         Institutions, who calls the press "an arm of the establishment," and criticizes its
         tendency to ignore the festering of problems in areas like Watts until the rioting breaks
         out. The press, says Ferry, should be "an early warning system" on national and community
         problems. " Frank Conniff, managing editor of the World Journal Tribune, who disputes the
         contentions of Ingersoll and Ferry. " Baltimoreans Paul Banker (managing editor of the
         Sun), Phillip Heisler (managing editor of the Evening Sun), Sterling Noel (managing editor
         of the News-American), and George Collins (city editor of the Afro-American), who discuss
         financial survival and civic responsibility. The local sit-ins of 1959 were ignored by the
         dairy press; however, the papers are all beginning to vie for the interest of the Negro
         reader. Three principals in the Arlington Heights readership battle, who discuss the need
         for balancing world and local coverage in a suburban paper. Additional Description from NET
         Press Release: National Educational Television begins a two-part study on the decline of
         the American press in "N.E.T. Journal -- The Vanishing Newspaper -- Part I." This first
         hour is devoted to "the metropolitan press on the road to monopoly and merger." Over a
         15-year period, one metropolitan paper has either merged or disappeared on an average of
         every three months. The result has been a number of one-publisher and even one-paper
         cities. Recently, this fact was dramatized by the creation of the New York World Journal
         Tribune, which left a city of eight million people with four daily newspapers. "The
         Vanishing Newspaper -- Part I" relates the financial dilemma of the press to its failure in
         dealing with the problems of its cities -- notably, the plight of the Negro and the exodus
         of the white middle class to suburbia. W. H. (Ping) Ferry of the Center for the Study of
         Democratic Institutions cites the Watts section of Los Angeles, "a festering sore" that was
         ignored by the press until the riots of 1965. Then, "people were being killed, property was
         being destroyed -- and the press did an illustrious job." According to Ferry, the press
         should be "an early warning system" on national and community problems. Instead, it acts as
         "an arm of the establishment." Frank Conniff, managing editor of the World Journal Tribune,
         argues that the newspaper is doing "what it functions at best, which is reporting the news
         and interpreting it. " N. E. T. Journal's examination will continue with "Vanishing
         Newspaper -- Part II," a study of the small-town press and "the news small-town America
         isn't reading."</marc:subfield>
      </marc:datafield>
      <marc:datafield tag="024" ind1="8" ind2=" ">
         <marc:subfield code="a">2403565</marc:subfield>
         <marc:subfield code="2">MAVIS Title Number</marc:subfield>
      </marc:datafield>
      <marc:datafield tag="024" ind1="8" ind2=" ">
         <marc:subfield code="a">106</marc:subfield>
         <marc:subfield code="2">NET/PBS number</marc:subfield>
      </marc:datafield>
      <marc:datafield tag="653" ind1=" " ind2=" ">
         <marc:subfield code="a">Newspapers</marc:subfield>
         <marc:subfield code="0">http://id.loc.gov/authorities/subjects/sh99001641</marc:subfield>
      </marc:datafield>
      <marc:datafield tag="653" ind1=" " ind2=" ">
         <marc:subfield code="a">Baltimore (Md.)</marc:subfield>
         <marc:subfield code="0">http://id.loc.gov/authorities/names/n79006530</marc:subfield>
      </marc:datafield>
      <marc:datafield tag="653" ind1=" " ind2=" ">
         <marc:subfield code="a">Arlington Heights</marc:subfield>
         <marc:subfield code="0">http://id.loc.gov/authorities/names/n79069721</marc:subfield>
      </marc:datafield>
      <marc:datafield tag="245" ind1="0" ind2="0">
         <marc:subfield code="a">NET journal. Vanishing newspaper. Part 1.</marc:subfield>
         <marc:subfield code="b">a National Educational Television production;
         producer, writer, John O'Toole ; executive producer, Alvin Perlmutter.</marc:subfield>
      </marc:datafield>
      <marc:datafield tag="246" ind1="3" ind2="3">
         <marc:subfield code="a">Vanishing newspaper. Part
         1.</marc:subfield>
      </marc:datafield>
      <marc:datafield tag="246" ind1="3" ind2="3">
         <marc:subfield code="a">NET journal. [1966-10-24]. Vanishing newspaper. Part
         1.</marc:subfield>
      </marc:datafield>
      <marc:datafield tag="246" ind1="3" ind2="3">
         <marc:subfield code="a">NET journal. [No. 106], Vanishing newspaper. Part
         1.</marc:subfield>
      </marc:datafield>
      <marc:datafield tag="655" ind1=" " ind2="0">
         <marc:subfield code="a">Documentary television programs
         (lcgft)</marc:subfield>
         <marc:subfield code="0">http://id.loc.gov/authorities/genreForms/gf2011026207</marc:subfield>
      </marc:datafield>
      <marc:datafield tag="655" ind1=" " ind2="0">
         <marc:subfield code="a">Nonfiction television programs
         (lcgft)</marc:subfield>
         <marc:subfield code="0">http://id.loc.gov/authorities/genreForms/gf2011026425</marc:subfield>
      </marc:datafield>
   </marc:record>