
   <marc:record>
      <marc:leader>      am         3u     </marc:leader>
      <marc:datafield tag="042" ind1=" " ind2=" ">
         <marc:subfield code="a">dc</marc:subfield>
      </marc:datafield>
      <marc:datafield tag="720" ind1=" " ind2=" ">
         <marc:subfield code="a">National Educational Television and Radio Center</marc:subfield>
         <marc:subfield code="e">Broadcaster</marc:subfield>
         <marc:subfield code="0">http://id.loc.gov/authorities/names/n80050382</marc:subfield>
      </marc:datafield>
      <marc:datafield tag="720" ind1=" " ind2=" ">
         <marc:subfield code="a">Miller, Pete</marc:subfield>
         <marc:subfield code="e">Appearing</marc:subfield>
      </marc:datafield>
      <marc:datafield tag="720" ind1=" " ind2=" ">
         <marc:subfield code="a">Miller, Don</marc:subfield>
         <marc:subfield code="e">Appearing</marc:subfield>
      </marc:datafield>
      <marc:datafield tag="720" ind1=" " ind2=" ">
         <marc:subfield code="a">National Educational Television and Radio Center</marc:subfield>
         <marc:subfield code="e">Production Company</marc:subfield>
         <marc:subfield code="0">http://id.loc.gov/authorities/names/n80050382</marc:subfield>
      </marc:datafield>
      <marc:datafield tag="720" ind1=" " ind2=" ">
         <marc:subfield code="a">Perlmutter, Al</marc:subfield>
         <marc:subfield code="e">Executive Producer</marc:subfield>
         <marc:subfield code="0">http://id.loc.gov/authorities/names/nr95001160</marc:subfield>
      </marc:datafield>
      <marc:datafield tag="720" ind1=" " ind2=" ">
         <marc:subfield code="a">O'Toole,
         John, 1931-</marc:subfield>
         <marc:subfield code="e">Producer</marc:subfield>
         <marc:subfield code="0">http://id.loc.gov/authorities/names/n93074312</marc:subfield>
      </marc:datafield>
      <marc:datafield tag="720" ind1=" " ind2=" ">
         <marc:subfield code="a">O'Toole, John,
         1931-</marc:subfield>
         <marc:subfield code="e">Writer</marc:subfield>
         <marc:subfield code="0">http://id.loc.gov/authorities/names/n93074312</marc:subfield>
      </marc:datafield>
      <marc:datafield tag="260" ind1=" " ind2=" ">
         <marc:subfield code="c">1966-10-31</marc:subfield>
      </marc:datafield>
      <marc:datafield tag="520" ind1=" " ind2=" ">
         <marc:subfield code="a">From NET microfiche: This program examines the role of the small town press.
         Is it a bulletin board a vehicle for advertisers or a responsible journal that reports
         and interprets both world and local news? NET JOURNAL. -- THE VANISHING NEWSPAPER (Part II)
         analyzes the performance of the press in four small towns -- only two of which meet a
         "balance between profit and public service." The Bennington (Vt.) Banner and the Berkshire
         Eagle in Pittsfield, Mass., are owned by Pete and Don Miller, two brothers whose papers
         contain many non-local stories, syndicated columns, and a high ratio of news to ads. A
         monopoly paper, the Eagle is criticized by some, praised by others for "speaking its mind"
         on major issues. The paper's low profit -- six percent -- is attributable to such "frills"
         as a large news staff and a critic of the lively arts (a true rarity in a small-town
         paper). The Okmulgee (Okla.) Daily Times and the Fort Smith (Ark.) papers -- the
         Southwest-American and Times Record -- belong to a chain of 14 newspapers, three television
         stations, and several radio stations belonging to the Don Rey Media Group. Its president,
         Don Reynolds, is "visible only in portrait. " The Okmulgee paper is conspicuous for the
         news it doesn't cover. The ad ratio is high. Most of the editorials are "thinly veiled
         promotional pieces." The death of a cow is covered on page one, a canned horoscope runs
         under the masthead; national news, such as the shooting of James Meredith is either ignored
         or reported in capsule form. The Fort Smith papers do run syndicated columns and some
         national news. But despite Don Rey's monopoly of all media in this Arkansas city, the
         papers avoid controversial stands. Among those appearing on the program are: " Pete and Don
         Miller " Doyle Rainwater, general manager, and Johnny Johnson, editor, of the Okmulgee
         Daily Times. " Rosa Pendergraft, general manager of the Fort Smith papers. " Rex Fall,
         managing editor of the Berkshire Eagle. Additional Description from NET Press Release: Most
         small-town readers are paying more for and getting less from their local paper. This view
         of "the news small-town America isn't reading" is seen in "The Vanishing Newspaper --Part
         II. " The second of two hours being devoted to the American press on the "NET Journal"
         series, this program consists of interviews with local editors and an assessment of the
         performance of papers in Bennington, Vt. ; Pittsfield, Mass.; Fort Smith, Ark.; and
         Okmulgee, Okla. -- only two of which meet "a balance between profit and public service."
         Each of these papers has a virtual monopoly. The Southern papers belong to the Don Rey
         Media Group whose owner, Don Reynolds, is "visible only in his portrait. " Don Rey controls
         the television and radio stations and even the billboards in Fort Smith, a city of about
         70,000. Yet the Fort Smith press avoids controversial stands. In Okmulgee, the one paper
         tends to avoid news -- unless it is the death of a cow, the phenomenon of a piano obtained
         with trading stamps, or a local auto wreck. Its editor admits "the editorial is our weakest
         page." Canned editorials -- often espousing an advertiser's view --are frequent. In
         Pittsfield, the monopoly situation has encouraged news. Pete and Don Miller, owners of the
         Berkshire Eagle, maintain a large staff for a wide range of assignments. A girl covers the
         lively arts -- a true oddity in the small-town press. The result of such "frills" is a
         paper with a low-profit margin but a diversity of information. Yet some readers complain
         that the paper is too controversial in its liberal stands and too national in character.
         "Today too many small-town newspapers are bulletin boards. Too many publishers have become
         sellers of advertising space," observes Henry Butler, narrator of "The Vanishing
         Newspaper." There should be room for at least as many pages of political comment as there
         are of comic strips. There should be room under the masthead for editorial
         leadership."</marc:subfield>
      </marc:datafield>
      <marc:datafield tag="024" ind1="8" ind2=" ">
         <marc:subfield code="a">2403610</marc:subfield>
         <marc:subfield code="2">MAVIS Title Number</marc:subfield>
      </marc:datafield>
      <marc:datafield tag="024" ind1="8" ind2=" ">
         <marc:subfield code="a">107</marc:subfield>
         <marc:subfield code="2">NET/PBS number</marc:subfield>
      </marc:datafield>
      <marc:datafield tag="653" ind1=" " ind2=" ">
         <marc:subfield code="a">Newspapers</marc:subfield>
         <marc:subfield code="0">http://id.loc.gov/authorities/subjects/sh99001641</marc:subfield>
      </marc:datafield>
      <marc:datafield tag="653" ind1=" " ind2=" ">
         <marc:subfield code="a">Bennington
         Banner</marc:subfield>
      </marc:datafield>
      <marc:datafield tag="653" ind1=" " ind2=" ">
         <marc:subfield code="a">Berkshire
         Eagle</marc:subfield>
      </marc:datafield>
      <marc:datafield tag="653" ind1=" " ind2=" ">
         <marc:subfield code="a">Okmulgee Daily Times</marc:subfield>
         <marc:subfield code="0">http://id.loc.gov/authorities/names/no2003089992</marc:subfield>
      </marc:datafield>
      <marc:datafield tag="653" ind1=" " ind2=" ">
         <marc:subfield code="a"/>
      </marc:datafield>
      <marc:datafield tag="653" ind1=" " ind2=" ">
         <marc:subfield code="a">Reynolds, Donald W.</marc:subfield>
         <marc:subfield code="0">http://id.loc.gov/authorities/names/no2017046099</marc:subfield>
      </marc:datafield>
      <marc:datafield tag="245" ind1="0" ind2="0">
         <marc:subfield code="a">NET journal. Vanishing newspaper. Part 2.</marc:subfield>
         <marc:subfield code="b">a National Educational Television production;
         producer, writer, John O'Toole ; executive producer, Alvin Perlmutter.</marc:subfield>
      </marc:datafield>
      <marc:datafield tag="246" ind1="3" ind2="3">
         <marc:subfield code="a">Vanishing newspaper. Part
         2.</marc:subfield>
      </marc:datafield>
      <marc:datafield tag="246" ind1="3" ind2="3">
         <marc:subfield code="a">NET journal. [1966-10-31]. Vanishing newspaper. Part
         2.</marc:subfield>
      </marc:datafield>
      <marc:datafield tag="246" ind1="3" ind2="3">
         <marc:subfield code="a">NET journal. [No. 107], Vanishing newspaper. Part
         2.</marc:subfield>
      </marc:datafield>
      <marc:datafield tag="655" ind1=" " ind2="0">
         <marc:subfield code="a">Documentary television programs
         (lcgft)</marc:subfield>
         <marc:subfield code="0">http://id.loc.gov/authorities/genreForms/gf2011026207</marc:subfield>
      </marc:datafield>
      <marc:datafield tag="655" ind1=" " ind2="0">
         <marc:subfield code="a">Nonfiction television programs
         (lcgft)</marc:subfield>
         <marc:subfield code="0">http://id.loc.gov/authorities/genreForms/gf2011026425</marc:subfield>
      </marc:datafield>
   </marc:record>