
   <marc:record>
      <marc:leader>      am         3u     </marc:leader>
      <marc:datafield tag="042" ind1=" " ind2=" ">
         <marc:subfield code="a">dc</marc:subfield>
      </marc:datafield>
      <marc:datafield tag="720" ind1=" " ind2=" ">
         <marc:subfield code="a">National Educational Television and Radio Center</marc:subfield>
         <marc:subfield code="e">Broadcaster</marc:subfield>
         <marc:subfield code="0">http://id.loc.gov/authorities/names/n80050382</marc:subfield>
      </marc:datafield>
      <marc:datafield tag="720" ind1=" " ind2=" ">
         <marc:subfield code="a">National
         Educational Television and Radio Center</marc:subfield>
         <marc:subfield code="e">Presenter</marc:subfield>
         <marc:subfield code="0">http://id.loc.gov/authorities/names/n80050382</marc:subfield>
      </marc:datafield>
      <marc:datafield tag="720" ind1=" " ind2=" ">
         <marc:subfield code="a">McCutchen, Dick</marc:subfield>
         <marc:subfield code="e">Narrator</marc:subfield>
         <marc:subfield code="0">http://id.loc.gov/authorities/names/no00028548</marc:subfield>
      </marc:datafield>
      <marc:datafield tag="720" ind1=" " ind2=" ">
         <marc:subfield code="a">Nihon Hoso Kyokai</marc:subfield>
         <marc:subfield code="e">Production Company</marc:subfield>
         <marc:subfield code="0">http://id.loc.gov/authorities/names/n50064664</marc:subfield>
      </marc:datafield>
      <marc:datafield tag="720" ind1=" " ind2=" ">
         <marc:subfield code="a">Weston, William</marc:subfield>
         <marc:subfield code="e">Executive Producer</marc:subfield>
      </marc:datafield>
      <marc:datafield tag="260" ind1=" " ind2=" ">
         <marc:subfield code="c">1967-2-6</marc:subfield>
      </marc:datafield>
      <marc:datafield tag="520" ind1=" " ind2=" ">
         <marc:subfield code="a">From NET microfiche, file W: This program is an NET adaptation of the
         Japanese-made film which won first prize in the "Prix Italia -- Documentary Division." It
         recounts the Japanese investigation of possible causes for the worst single airplane crash
         in history which led to the death of all 133 persons aboard. The plane, a Boeing 727 jet,
         operated by Japan Airlines, suddenly fell into Tokyo Bay as it approached Tokyo
         International Airport on February 4, 1966. In presenting the Japanese film, NET has
         included an interview with Bobbie R. Allen, director of the Bureau of Safety of Civil
         Aeronautics Board. These questions relate primarily to the performance of the 727 and CAB's
         research into the three other 727 crashes -- all occurring in the United States within a
         period of a year and a half. The Japanese film asks the most basic of questions: "What
         happened up there? Loss of speed, an explosion, engine failure?" One by one, as the plane
         is photographed underwater by frogmen and wreckage is raised from the sea, the
         investigation rules out strictly mechanical explanations. Tests indicate that number three
         engine did not apparently fall; that a bolt did not suffer metal fatigue, as had been
         suspected; and that a Boeing 727 can tolerate a descent of 5,000 feet per minute, as is
         proven in subsequent re-runs of the same course. However, the plane was making its descent
         at dusk, forcing the pilot to adjust suddenly from bright light to semi-darkness. Loss of
         control thus becomes the apparent reason for the crash. And the Japanese film climaxes with
         the ominous note: "There is a growing imbalance between the efficiency of a jet plane and
         man's navigational ability ... A machine which mankind cannot control can only destroy
         man... The question arises: is man sophisticated enough to withstand the confrontation
         between himself and the super-civilization he is creating?" Suggested Newspaper Listing:
         NET JOURNAL -- WHAT HAPPENED UP THERE: Winner of the "Prix Italia," this Japanese-made
         documentary investigates the worst air crash in history using the framework of an
         examination of wreckage removed from Tokyo Bay.</marc:subfield>
      </marc:datafield>
      <marc:datafield tag="337" ind1=" " ind2=" ">
         <marc:subfield code="a">Moving Image</marc:subfield>
         <marc:subfield code="2">MAVIS media type controlled vocabulary</marc:subfield>
      </marc:datafield>
      <marc:datafield tag="024" ind1="8" ind2=" ">
         <marc:subfield code="a">2411610</marc:subfield>
         <marc:subfield code="2">MAVIS Title Number</marc:subfield>
      </marc:datafield>
      <marc:datafield tag="024" ind1="8" ind2=" ">
         <marc:subfield code="a">NJWH</marc:subfield>
         <marc:subfield code="2">NET/PBS NOLA</marc:subfield>
      </marc:datafield>
      <marc:datafield tag="024" ind1="8" ind2=" ">
         <marc:subfield code="a">0 (PBS-1994.xls Excel spreadsheet)</marc:subfield>
         <marc:subfield code="2">NET/PBS number</marc:subfield>
      </marc:datafield>
      <marc:datafield tag="024" ind1="8" ind2=" ">
         <marc:subfield code="a">121 (NET microfiche)</marc:subfield>
         <marc:subfield code="2">NET/PBS number</marc:subfield>
      </marc:datafield>
      <marc:datafield tag="546" ind1=" " ind2=" ">
         <marc:subfield code="a">English</marc:subfield>
      </marc:datafield>
      <marc:datafield tag="653" ind1=" " ind2=" ">
         <marc:subfield code="a">Aircraft
         accidents--Investigation</marc:subfield>
         <marc:subfield code="0">http://id.loc.gov/authorities/subjects/sh85001321</marc:subfield>
      </marc:datafield>
      <marc:datafield tag="653" ind1=" " ind2=" ">
         <marc:subfield code="a">Japan</marc:subfield>
         <marc:subfield code="0">http://id.loc.gov/authorities/names/n78089021</marc:subfield>
      </marc:datafield>
      <marc:datafield tag="245" ind1="0" ind2="0">
         <marc:subfield code="a">NET journal. What happened up there.</marc:subfield>
         <marc:subfield code="b">produced by Nippon Educational Television ;
         adapted by and presented by National Educational Television ; NET executive producer,
         William Weston.</marc:subfield>
      </marc:datafield>
      <marc:datafield tag="246" ind1="3" ind2="3">
         <marc:subfield code="a">What happened up there.</marc:subfield>
      </marc:datafield>
      <marc:datafield tag="246" ind1="3" ind2="3">
         <marc:subfield code="a">What happened up there?</marc:subfield>
      </marc:datafield>
      <marc:datafield tag="246" ind1="3" ind2="3">
         <marc:subfield code="a">NET journal. [No. 121], What happened up
         there.</marc:subfield>
      </marc:datafield>
      <marc:datafield tag="655" ind1=" " ind2="0">
         <marc:subfield code="a">Documentary television programs
         (lcgft)</marc:subfield>
         <marc:subfield code="0">http://id.loc.gov/authorities/genreForms/gf2011026207</marc:subfield>
      </marc:datafield>
      <marc:datafield tag="655" ind1=" " ind2="0">
         <marc:subfield code="a">Nonfiction television programs
         (lcgft)</marc:subfield>
         <marc:subfield code="0">http://id.loc.gov/authorities/genreForms/gf2011026425</marc:subfield>
      </marc:datafield>
      <marc:datafield tag="655" ind1=" " ind2="0">
         <marc:subfield code="a">Public affairs television programs
         (lcgft)</marc:subfield>
         <marc:subfield code="0">http://id.loc.gov/authorities/genreForms/gf2011026476</marc:subfield>
      </marc:datafield>
   </marc:record>