
   <marc:record>
      <marc:leader>      am         3u     </marc:leader>
      <marc:datafield tag="042" ind1=" " ind2=" ">
         <marc:subfield code="a">dc</marc:subfield>
      </marc:datafield>
      <marc:datafield tag="720" ind1=" " ind2=" ">
         <marc:subfield code="a">National Educational Television and Radio Center</marc:subfield>
         <marc:subfield code="e">Broadcaster</marc:subfield>
         <marc:subfield code="0">http://id.loc.gov/authorities/names/n80050382</marc:subfield>
      </marc:datafield>
      <marc:datafield tag="720" ind1=" " ind2=" ">
         <marc:subfield code="a">National Educational Television and Radio Center</marc:subfield>
         <marc:subfield code="e">Production Company</marc:subfield>
         <marc:subfield code="0">http://id.loc.gov/authorities/names/n80050382</marc:subfield>
      </marc:datafield>
      <marc:datafield tag="720" ind1=" " ind2=" ">
         <marc:subfield code="a">Silverstein, Morton</marc:subfield>
         <marc:subfield code="e">Producer</marc:subfield>
      </marc:datafield>
      <marc:datafield tag="720" ind1=" " ind2=" ">
         <marc:subfield code="a">Silverstein, Morton</marc:subfield>
         <marc:subfield code="e">Writer</marc:subfield>
      </marc:datafield>
      <marc:datafield tag="260" ind1=" " ind2=" ">
         <marc:subfield code="c">1968-1-29</marc:subfield>
      </marc:datafield>
      <marc:datafield tag="520" ind1=" " ind2=" ">
         <marc:subfield code="a">Documents the experiences of a group of farmworkers who became trapped in a
         system that kept them perpetually in debt. Shows methods of recruitment, labor camps on
         Long Island, and types of work involved. Presents opinions of growers and processors and a
         refutation of their views. From NET microfiche: WHAT HARVEST FOR THE REAPER is an
         unflinching study of the exploitation of migrant workers, filmed at a labor camp on
         Cutchogue, Long Island. (Cutchogue is a community less than two hours drive from New York
         City and half an hour from the Hamptons and other pleasure beaches of Long Island.) There,
         the migrants come from Southern backwaters under the promise of wages they could never
         receive at home -- and which they never collect in Cutchogue. The program follows two
         groups -- one brought in for summer strawberry and string-bean picking, the other imported
         for the potato season in the fall. Cameras follow them as they work in the fields, live in
         the mean camps, and learn some economic facts of life as taught by Andrew Anderson, crew
         chief and camp manager. It is Anderson who goes to Arkansas to recruit workers, promising
         "extra money for Santa Claus," and returning with the men on a bus ride for which they will
         later be billed; it is Anderson who rents them blankets, charges for the fuel that warms
         the shacks, bills them for the bus ride to the fields each morning, and provides the credit
         for room, board, gambling, and small loans; and it is Anderson who keeps the books and
         deducts his portion from each check. Though the men resent Anderson and attempt to
         challenge his hold over them, their efforts are futile. They've been down too long and most
         of them back out of a planned confrontation. Similarly, during the potato harvest, they pay
         their union dues but don't know how the money is used or why they can't gain
         representation. To farmers who own and operate the labor camp, the workers are
         "destructive," "not men but two-legged animals" who are "interested in what they can get
         out of you, not what they can do for you"; who "like this type of travel, this type of
         work, and don't want responsibilities." To the potato processor, who also gains from their
         labor, they are men "exploited" not by the potato industry, but "by their own kind." The
         workers express their fear and their disillusionment. Some lament the lack of money to get
         back home. Others wish for a better life for their children. But most will be forced on to
         the next migrant camp, where the "economics of exploitation" await them. (These economics
         provide, for instance, that the landowner collects $200 for a product which reaps $12 for
         six workers.) The Rev. Arthur Bryant, head of the migrant committee of the Suffolk County
         Human Relations Commission, deplores the fate of the migrant ("He is us") in a society that
         values the "health of industry, not human life." In conclusion, the program notes that in
         the 10 years since Edward Murrow's 'Harvest of Shame," the migrant worker remains victim of
         a system he never made. Narrator: Philip Sterling. Suggested Newspaper Listing: NET JOURNAL
         -- "What Harvest for the Reaper": An unflinching study of the exploitation of the migrant
         worker, filmed during a six-month period in a migrant camp at Cutchogue, Long
         Island.</marc:subfield>
      </marc:datafield>
      <marc:datafield tag="337" ind1=" " ind2=" ">
         <marc:subfield code="a">Moving Image</marc:subfield>
         <marc:subfield code="2">MAVIS media type controlled vocabulary</marc:subfield>
      </marc:datafield>
      <marc:datafield tag="024" ind1="8" ind2=" ">
         <marc:subfield code="a">1950280</marc:subfield>
         <marc:subfield code="2">MAVIS Title Number</marc:subfield>
      </marc:datafield>
      <marc:datafield tag="024" ind1="8" ind2=" ">
         <marc:subfield code="a">MP20742</marc:subfield>
         <marc:subfield code="2">Copyright Registration Number</marc:subfield>
      </marc:datafield>
      <marc:datafield tag="024" ind1="8" ind2=" ">
         <marc:subfield code="a">NJWT</marc:subfield>
         <marc:subfield code="2">NET/PBS NOLA</marc:subfield>
      </marc:datafield>
      <marc:datafield tag="024" ind1="8" ind2=" ">
         <marc:subfield code="a">0</marc:subfield>
         <marc:subfield code="2">NET/PBS number</marc:subfield>
      </marc:datafield>
      <marc:datafield tag="024" ind1="8" ind2=" ">
         <marc:subfield code="a">172</marc:subfield>
         <marc:subfield code="2">NET/PBS number</marc:subfield>
      </marc:datafield>
      <marc:datafield tag="546" ind1=" " ind2=" ">
         <marc:subfield code="a">English</marc:subfield>
      </marc:datafield>
      <marc:datafield tag="653" ind1=" " ind2=" ">
         <marc:subfield code="a">Migrant agricultural laborers</marc:subfield>
         <marc:subfield code="0">http://id.loc.gov/authorities/subjects/sh85085065</marc:subfield>
      </marc:datafield>
      <marc:datafield tag="245" ind1="0" ind2="0">
         <marc:subfield code="a">NET journal. What harvest for the reaper?</marc:subfield>
         <marc:subfield code="b">National Educational Television and Radio
         Center ; executive producer, A. H. Perlmutter ; producer, writer, Morton
         Silverstein.</marc:subfield>
      </marc:datafield>
      <marc:datafield tag="246" ind1="3" ind2="3">
         <marc:subfield code="a">No harvest for the
         reaper.</marc:subfield>
      </marc:datafield>
      <marc:datafield tag="246" ind1="3" ind2="3">
         <marc:subfield code="a">What happened up there?</marc:subfield>
      </marc:datafield>
      <marc:datafield tag="246" ind1="3" ind2="3">
         <marc:subfield code="a">What harvest for the
         reaper.</marc:subfield>
      </marc:datafield>
      <marc:datafield tag="246" ind1="3" ind2="3">
         <marc:subfield code="a">NET journal. [1968-01-29]. What harvest for the
         reaper.</marc:subfield>
      </marc:datafield>
      <marc:datafield tag="246" ind1="3" ind2="3">
         <marc:subfield code="a">NET journal. [No. 172], What harvest for the
         reaper.</marc:subfield>
      </marc:datafield>
      <marc:datafield tag="655" ind1=" " ind2="0">
         <marc:subfield code="a">Nonfiction television programs
         (lcgft)</marc:subfield>
         <marc:subfield code="0">http://id.loc.gov/authorities/genreForms/gf2011026425</marc:subfield>
      </marc:datafield>
      <marc:datafield tag="655" ind1=" " ind2="0">
         <marc:subfield code="a">Public affairs television programs
         (lcgft)</marc:subfield>
         <marc:subfield code="0">http://id.loc.gov/authorities/genreForms/gf2011026476</marc:subfield>
      </marc:datafield>
   </marc:record>