
   <marc:record>
      <marc:leader>      am         3u     </marc:leader>
      <marc:datafield tag="042" ind1=" " ind2=" ">
         <marc:subfield code="a">dc</marc:subfield>
      </marc:datafield>
      <marc:datafield tag="720" ind1=" " ind2=" ">
         <marc:subfield code="a">Lodge, Arthur</marc:subfield>
         <marc:subfield code="e">Adapter/Dramatization</marc:subfield>
      </marc:datafield>
      <marc:datafield tag="720" ind1=" " ind2=" ">
         <marc:subfield code="a">National Educational Television and Radio Center</marc:subfield>
         <marc:subfield code="e">Broadcaster</marc:subfield>
         <marc:subfield code="0">http://id.loc.gov/authorities/names/n80050382</marc:subfield>
      </marc:datafield>
      <marc:datafield tag="720" ind1=" " ind2=" ">
         <marc:subfield code="a">Roberts,
         Peter (Narrator)</marc:subfield>
         <marc:subfield code="e">Narrator</marc:subfield>
         <marc:subfield code="0">http://id.loc.gov/authorities/names/n94015837</marc:subfield>
      </marc:datafield>
      <marc:datafield tag="720" ind1=" " ind2=" ">
         <marc:subfield code="a">Zweites Deutsches Fernsehen</marc:subfield>
         <marc:subfield code="e">Production Company</marc:subfield>
         <marc:subfield code="0">http://id.loc.gov/authorities/names/n80113710</marc:subfield>
      </marc:datafield>
      <marc:datafield tag="720" ind1=" " ind2=" ">
         <marc:subfield code="a">Weston, William</marc:subfield>
         <marc:subfield code="e">Producer</marc:subfield>
      </marc:datafield>
      <marc:datafield tag="260" ind1=" " ind2=" ">
         <marc:subfield code="c">1967-3-20</marc:subfield>
      </marc:datafield>
      <marc:datafield tag="520" ind1=" " ind2=" ">
         <marc:subfield code="a">From NET microfiche: In France, the "upper crust" makes the decisions, sets
         the style, and reaps the rewards. Known as the "Two Hundred," France's aristocrats have
         maintained - and improved - their position over the past 200 years, after surviving the
         French Revolution. In Germany, however, the upper crust lost power in 1918. Since then, no
         group has filled the void. In contrasting the two countries, this documentary asks: "Who
         needs an upper crust?" Produced by North German Television and adapted by NET, the program
         contains rare films of French aristocrats at work and play: Baron Rothschild at his
         chateau, the Lanvins discussing perfume and playwriting, the Polignacs and their wine-aging
         caves, and editor Ferniot at his L'Express office. The film then turns to French
         institutions which help to perpetuate the aristocracy's elite position - the French
         Academy, and the Grand Ecoles ("great" schools, which are government-administered, such as
         St. Cyr, Polytechnique, and the Ecole Nationale Administrative). The graduates of these
         schools will someday assume the highest positions in government, business, and the
         military. There will be a few "outsiders"; but they will probably be led by sons of the Two
         Hundred. In Germany, the program finds wealth but no wit, enterprise without elegance.
         Social functions lack the bright, sophisticated talk of a French soiree. The German
         gentlewoman may attend a charm school, but her "most important role is still that of the
         hausfrau." From the kitchen, the film moves to the German school for which "the primary
         qualification is not ability but money." The film notes the lack of a controlled system,
         "as in France, seeking out the best brains and polishing them to a maximum of brilliance
         for service to the country." The film indicates this shortcoming in three professions - the
         law, the civil service, and politics (where there is a lack of the "old school tie" and
         where prominent positions are tenuous). Educators are the rare exception, since they have
         both permanency and prestige. The program concludes: "The German people would undoubtedly
         be better able to fulfill their important role if they had a unifying, moderating,
         elevating force such as the French have in their elite ... There are no arbiters at work
         creating and improving standards of literature, art, language or even behavior. Germany is
         a pragmatic world, with each individual cutting his own path, making his own mistakes ...
         Who needs an upper crust? Germany, for one, definitely needs it."</marc:subfield>
      </marc:datafield>
      <marc:datafield tag="337" ind1=" " ind2=" ">
         <marc:subfield code="a">Moving Image</marc:subfield>
         <marc:subfield code="2">MAVIS media type controlled vocabulary</marc:subfield>
      </marc:datafield>
      <marc:datafield tag="024" ind1="8" ind2=" ">
         <marc:subfield code="a">2408717</marc:subfield>
         <marc:subfield code="2">MAVIS Title Number</marc:subfield>
      </marc:datafield>
      <marc:datafield tag="024" ind1="8" ind2=" ">
         <marc:subfield code="a">NJWN</marc:subfield>
         <marc:subfield code="2">NET/PBS NOLA</marc:subfield>
      </marc:datafield>
      <marc:datafield tag="024" ind1="8" ind2=" ">
         <marc:subfield code="a">0</marc:subfield>
         <marc:subfield code="2">NET/PBS number</marc:subfield>
      </marc:datafield>
      <marc:datafield tag="024" ind1="8" ind2=" ">
         <marc:subfield code="a">PA-295</marc:subfield>
         <marc:subfield code="2">Undetermined</marc:subfield>
      </marc:datafield>
      <marc:datafield tag="546" ind1=" " ind2=" ">
         <marc:subfield code="a">English</marc:subfield>
      </marc:datafield>
      <marc:datafield tag="653" ind1=" " ind2=" ">
         <marc:subfield code="a">Social classes--France</marc:subfield>
         <marc:subfield code="0">http://id.loc.gov/authorities/subjects/sh2008111806</marc:subfield>
      </marc:datafield>
      <marc:datafield tag="653" ind1=" " ind2=" ">
         <marc:subfield code="a">Social classes--Germany</marc:subfield>
         <marc:subfield code="0">http://id.loc.gov/authorities/subjects/sh2010113501</marc:subfield>
      </marc:datafield>
      <marc:datafield tag="245" ind1="0" ind2="0">
         <marc:subfield code="a">NET journal. Who needs an upper crust.</marc:subfield>
         <marc:subfield code="b">a presentation of National Educational
         Television ; produced by North German Television ; NET producer, William Weston ; English
         adaptation by Artthur Lodge.</marc:subfield>
      </marc:datafield>
      <marc:datafield tag="246" ind1="3" ind2="3">
         <marc:subfield code="a">Who needs an upper crust.</marc:subfield>
      </marc:datafield>
      <marc:datafield tag="655" ind1=" " ind2="0">
         <marc:subfield code="a">Documentary television programs
         (lcgft)</marc:subfield>
         <marc:subfield code="0">http://id.loc.gov/authorities/genreForms/gf2011026207</marc:subfield>
      </marc:datafield>
      <marc:datafield tag="655" ind1=" " ind2="0">
         <marc:subfield code="a">Nonfiction television programs
         (lcgft)</marc:subfield>
         <marc:subfield code="0">http://id.loc.gov/authorities/genreForms/gf2011026425</marc:subfield>
      </marc:datafield>
      <marc:datafield tag="655" ind1=" " ind2="0">
         <marc:subfield code="a">Public affairs television programs
         (lcgft)</marc:subfield>
         <marc:subfield code="0">http://id.loc.gov/authorities/genreForms/gf2011026476</marc:subfield>
      </marc:datafield>
   </marc:record>