
   <marc:record>
      <marc:leader>      am         3u     </marc:leader>
      <marc:datafield tag="042" ind1=" " ind2=" ">
         <marc:subfield code="a">dc</marc:subfield>
      </marc:datafield>
      <marc:datafield tag="720" ind1=" " ind2=" ">
         <marc:subfield code="a">Rogers, Fred</marc:subfield>
         <marc:subfield code="e">Participant</marc:subfield>
         <marc:subfield code="0">http://id.loc.gov/authorities/names/n50048011</marc:subfield>
      </marc:datafield>
      <marc:datafield tag="720" ind1=" " ind2=" ">
         <marc:subfield code="a">Tandy, Jessica</marc:subfield>
         <marc:subfield code="e">Reader/Reciter</marc:subfield>
         <marc:subfield code="0">http://id.loc.gov/authorities/names/n84215003</marc:subfield>
      </marc:datafield>
      <marc:datafield tag="720" ind1=" " ind2=" ">
         <marc:subfield code="a">Gregory, Dick</marc:subfield>
         <marc:subfield code="e">Participant</marc:subfield>
         <marc:subfield code="0">http://id.loc.gov/authorities/names/n50030085</marc:subfield>
      </marc:datafield>
      <marc:datafield tag="720" ind1=" " ind2=" ">
         <marc:subfield code="a">National Educational Television and Radio Center</marc:subfield>
         <marc:subfield code="e">Broadcaster</marc:subfield>
         <marc:subfield code="0">http://id.loc.gov/authorities/names/n80050382</marc:subfield>
      </marc:datafield>
      <marc:datafield tag="720" ind1=" " ind2=" ">
         <marc:subfield code="a">Carlin, George</marc:subfield>
         <marc:subfield code="e">Participant</marc:subfield>
         <marc:subfield code="0">http://id.loc.gov/authorities/names/n84100264</marc:subfield>
      </marc:datafield>
      <marc:datafield tag="720" ind1=" " ind2=" ">
         <marc:subfield code="a">KCET (Television station : Los Angeles,
         Calif.)</marc:subfield>
         <marc:subfield code="e">Cooperation/Association</marc:subfield>
         <marc:subfield code="0">http://id.loc.gov/authorities/names/n50082227</marc:subfield>
      </marc:datafield>
      <marc:datafield tag="720" ind1=" " ind2=" ">
         <marc:subfield code="a">Peter,
         Paul, and Mary</marc:subfield>
         <marc:subfield code="e">Appearing</marc:subfield>
         <marc:subfield code="0">http://id.loc.gov/authorities/names/nr89010408</marc:subfield>
      </marc:datafield>
      <marc:datafield tag="720" ind1=" " ind2=" ">
         <marc:subfield code="a">Williams, Mason, 1938-</marc:subfield>
         <marc:subfield code="e">Participant</marc:subfield>
         <marc:subfield code="0">http://id.loc.gov/authorities/names/n91087758</marc:subfield>
      </marc:datafield>
      <marc:datafield tag="720" ind1=" " ind2=" ">
         <marc:subfield code="a">Walken,
         Christopher</marc:subfield>
         <marc:subfield code="e">Appearing</marc:subfield>
         <marc:subfield code="0">http://id.loc.gov/authorities/names/n88100657</marc:subfield>
      </marc:datafield>
      <marc:datafield tag="720" ind1=" " ind2=" ">
         <marc:subfield code="a">KQED-TV</marc:subfield>
         <marc:subfield code="e">Cooperation/Association</marc:subfield>
         <marc:subfield code="0">http://id.loc.gov/authorities/names/no2016031835</marc:subfield>
      </marc:datafield>
      <marc:datafield tag="720" ind1=" " ind2=" ">
         <marc:subfield code="a">WNDT</marc:subfield>
         <marc:subfield code="e">Cooperation/Association</marc:subfield>
         <marc:subfield code="0">http://id.loc.gov/authorities/names/no99023545</marc:subfield>
      </marc:datafield>
      <marc:datafield tag="720" ind1=" " ind2=" ">
         <marc:subfield code="a">WQED</marc:subfield>
         <marc:subfield code="e">Cooperation/Association</marc:subfield>
         <marc:subfield code="0">http://id.loc.gov/authorities/names/n50036803</marc:subfield>
      </marc:datafield>
      <marc:datafield tag="720" ind1=" " ind2=" ">
         <marc:subfield code="a">WTTW</marc:subfield>
         <marc:subfield code="e">Cooperation/Association</marc:subfield>
         <marc:subfield code="0">http://id.loc.gov/authorities/names/no2006059802</marc:subfield>
      </marc:datafield>
      <marc:datafield tag="720" ind1=" " ind2=" ">
         <marc:subfield code="a">Ferlinghetti, Lawrence</marc:subfield>
         <marc:subfield code="e">Reader/Reciter</marc:subfield>
         <marc:subfield code="0">http://id.loc.gov/authorities/names/n80023557</marc:subfield>
      </marc:datafield>
      <marc:datafield tag="720" ind1=" " ind2=" ">
         <marc:subfield code="a">Cromie, Robert</marc:subfield>
         <marc:subfield code="e">Participant</marc:subfield>
         <marc:subfield code="0">http://id.loc.gov/authorities/names/no2009136498</marc:subfield>
      </marc:datafield>
      <marc:datafield tag="720" ind1=" " ind2=" ">
         <marc:subfield code="a">Algren, Nelson</marc:subfield>
         <marc:subfield code="e">Reader/Reciter</marc:subfield>
         <marc:subfield code="0">http://id.loc.gov/authorities/names/n50033341</marc:subfield>
      </marc:datafield>
      <marc:datafield tag="720" ind1=" " ind2=" ">
         <marc:subfield code="a">McKusick, Hal</marc:subfield>
         <marc:subfield code="e">Appearing</marc:subfield>
         <marc:subfield code="0">http://id.loc.gov/authorities/names/n95115853</marc:subfield>
      </marc:datafield>
      <marc:datafield tag="720" ind1=" " ind2=" ">
         <marc:subfield code="a">Dylan,
         Bob</marc:subfield>
         <marc:subfield code="e">Appearing</marc:subfield>
         <marc:subfield code="0">http://id.loc.gov/authorities/names/n50030190</marc:subfield>
      </marc:datafield>
      <marc:datafield tag="720" ind1=" " ind2=" ">
         <marc:subfield code="a">Bond,
         Sudie</marc:subfield>
         <marc:subfield code="e">Appearing</marc:subfield>
         <marc:subfield code="0">http://id.loc.gov/authorities/names/nr2005019391</marc:subfield>
      </marc:datafield>
      <marc:datafield tag="720" ind1=" " ind2=" ">
         <marc:subfield code="a">Becher,
         John C.</marc:subfield>
         <marc:subfield code="e">Appearing</marc:subfield>
         <marc:subfield code="0">http://id.loc.gov/authorities/names/no2006009731</marc:subfield>
      </marc:datafield>
      <marc:datafield tag="720" ind1=" " ind2=" ">
         <marc:subfield code="a">WITF-TV</marc:subfield>
         <marc:subfield code="e">Cooperation/Association</marc:subfield>
         <marc:subfield code="0">http://id.loc.gov/authorities/names/n82127206</marc:subfield>
      </marc:datafield>
      <marc:datafield tag="720" ind1=" " ind2=" ">
         <marc:subfield code="a">KLRN (Television station : San Antonio,
         Tex.)</marc:subfield>
         <marc:subfield code="e">Cooperation/Association</marc:subfield>
         <marc:subfield code="0">http://id.loc.gov/authorities/names/nr96007345</marc:subfield>
      </marc:datafield>
      <marc:datafield tag="720" ind1=" " ind2=" ">
         <marc:subfield code="a">Feldstein, Albert B.</marc:subfield>
         <marc:subfield code="e">Participant</marc:subfield>
         <marc:subfield code="0">http://id.loc.gov/authorities/names/n79066060</marc:subfield>
      </marc:datafield>
      <marc:datafield tag="720" ind1=" " ind2=" ">
         <marc:subfield code="a">Taj
         Mahal</marc:subfield>
         <marc:subfield code="e">Participant</marc:subfield>
         <marc:subfield code="0">http://id.loc.gov/authorities/names/n84016462</marc:subfield>
      </marc:datafield>
      <marc:datafield tag="720" ind1=" " ind2=" ">
         <marc:subfield code="a">Drummond, Alice</marc:subfield>
         <marc:subfield code="e">Appearing</marc:subfield>
         <marc:subfield code="0">http://id.loc.gov/authorities/names/no2001099024</marc:subfield>
      </marc:datafield>
      <marc:datafield tag="720" ind1=" " ind2=" ">
         <marc:subfield code="a">Beatles</marc:subfield>
         <marc:subfield code="e">Appearing</marc:subfield>
         <marc:subfield code="0">http://id.loc.gov/authorities/names/n79018119</marc:subfield>
      </marc:datafield>
      <marc:datafield tag="720" ind1=" " ind2=" ">
         <marc:subfield code="a">WGBH (Television station : Boston,
         Mass.)</marc:subfield>
         <marc:subfield code="e">Cooperation/Association</marc:subfield>
         <marc:subfield code="0">http://id.loc.gov/authorities/names/n80089989</marc:subfield>
      </marc:datafield>
      <marc:datafield tag="720" ind1=" " ind2=" ">
         <marc:subfield code="a">Simone,
         Nina</marc:subfield>
         <marc:subfield code="e">Appearing</marc:subfield>
         <marc:subfield code="0">http://id.loc.gov/authorities/names/no91012203</marc:subfield>
      </marc:datafield>
      <marc:datafield tag="720" ind1=" " ind2=" ">
         <marc:subfield code="a">Rogers, Ira R.</marc:subfield>
         <marc:subfield code="e">Reader/Reciter</marc:subfield>
      </marc:datafield>
      <marc:datafield tag="720" ind1=" " ind2=" ">
         <marc:subfield code="a">National Educational Television and Radio Center</marc:subfield>
         <marc:subfield code="e">Production Company</marc:subfield>
         <marc:subfield code="0">http://id.loc.gov/authorities/names/n80050382</marc:subfield>
      </marc:datafield>
      <marc:datafield tag="720" ind1=" " ind2=" ">
         <marc:subfield code="a">Venza, Jac</marc:subfield>
         <marc:subfield code="e">Executive Producer</marc:subfield>
         <marc:subfield code="0">http://id.loc.gov/authorities/names/no93017967</marc:subfield>
      </marc:datafield>
      <marc:datafield tag="260" ind1=" " ind2=" ">
         <marc:subfield code="c">1970-1-1</marc:subfield>
      </marc:datafield>
      <marc:datafield tag="260" ind1=" " ind2=" ">
         <marc:subfield code="c">1970-1-2</marc:subfield>
      </marc:datafield>
      <marc:datafield tag="520" ind1=" " ind2=" ">
         <marc:subfield code="a">From NET microfiche: A number of NET affiliate stations are contributing items
         to this New Year's Day special ranging the art and entertainment world of the sixties. The
         items naturally reflect areas with which these stations have become especially identified.
         The run-down is as follows: 1. KQED, San Francisco: This segment reflects the role of the
         poet as social critic in the sixties. Well-known San Francisco poet Lawrence Ferlinghetti
         reads a selection from his recently published satiric poem "Tyrannus Nix" over a filmed
         animation of images - President Nixon and others - suggested by the words. 2. WTTW,
         Chicago: Robert Cromie, popular host of "Bookbeat," comments on a major loss of the
         sixties: the death during the past decade of many of the great names who created and shaped
         modern American literature. Chicago-based author Nelson Algren reads from Ernest
         Hemingway's "The Sun Also Rises" and "A Farewell to Arms."; actress Jessica Tandy reads
         from Flannery O'Connor's "The Violent Bear It Away"; and Ira Rogers reads from Langston
         Hughes* ("the O. Henry of Harlem") "The Best of Simple. 3. WITF, Hershey: A comedy sketch
         satirizing a media coverage of a fictional Senate investigation on humor in the sixties.
         Guests include Dick Gregory and Al Feldstein (editor of Mad magazine). 4. KLRN, Austin: A
         group of young Texas filmmakers is producing a film piece satirizing the cliches of the
         "new cinema" of the sixties, such as the Andy Warhol film, the "sincere" Western, "Bonnie
         and Clyde," etc. 5. WGBH, Boston: Three short segments illustrate the sound of the sixties:
         the development of the Beatles is shown by a sound collage of Beatles music played over an
         animated collage of pop imagery. Different versions of Bob Dylan's "Times They Are a
         Changing' (sung by Dylan, Nina Simone; Peter, Paul and Mary; and the Brothers and the
         Sisters) are played over a montage of newsreel footage illustrating the lyrics - peace
         rallies, campus dissidents, the Moratorium, black protest. Musician Taj Mahal talks about
         the emergence of "soul," and his group performs before a studio audience. They play "Six
         Days on the Road" and "You're Going to Need Someone on Your Bond." 6. KCET, Los Angeles:
         From the West Coast center of film and television, a piece on the media by Smothers
         Brothers' writer Mason Williams. He reads from his own privately printed "FCC Report." 7.
         WNDT, New York City: Edward Albee's "The Sandbox" produced by WNDT's New York Television
         Theater. This short play, first presented in 1960, indicated the major new directions
         theater would take in the following years. A critical view of the American Dream, it has
         John C. Becher as Daddy, Sudie Bond as Grandma, Alice Drummond as Mommy, Hal McKusick as
         Musician, and Christopher Walken as Young Man. 8. WQED, Pittsburgh: Fred Rogers is creating
         a special piece on the 10-year-old, whose only world has been that of the sixties.
         Additional Program Description from NET Press Release 12/3/69: Edward Albee, Dick Gregory,
         Lawrence Ferlinghetti, Bob Dylan, the Beatles, Nelson Algren, Jessica Tandy, Mason Williams
         and Mister Rogers are some of the artists whose talents are featured on the NET Playhouse
         New Year's Day special "Thoughts of the Artist on Leaving the Sixties." NET affiliates
         around the country were asked to contribute to this ninety-minute color variety special
         which ranges the art and entertainment world of the past decade. The items commissioned by
         NET drama department director Jac Venza reflect areas in which eight public television
         stations have become specially identified. Humor in the sixties, as presented by Hershey
         station WITF, features entertainers Dick Gregory and George Carlin, and Mad Magazine editor
         Al Feldstein. Another humorist, Smothers Brothers' writer Mason Williams, reads from his
         own privately-printed "FCC Report" when KCET, Los Angeles takes an amusing look at the
         media. Theater trends of the sixties will be seen in Edward Albee's "The Sandbox,"
         presented by WNDT's NewYork Television Theater. This short play, first staged in 1960,
         indicated many of the major directions theater would take in the following years. A
         critical view of the American Dream, "The Sandbox" is performed by John C. Becher, Sudie
         Bond, Alice Drummond, Hal McKusick and Christopher Walken. WGBH, Boston, looks at the
         exploding music scene and pop culture of the sixties, with rock, folk, and soul music by
         the Beatles, Bob Dylan, and Taj Mahal. And the film explosion of the sixties is satirized
         by young filmmakers for KLRN, Austin, Texas, as they do a take-off on the cliches of the
         "new cinema." On the literary scene, KQED, San Francisco, examines the role of the poet as
         social critic in the sixties, with poet Lawrence Ferlinghetti reading a selection from his
         recently-published "Tyrannus Nix." WTTW, Chicago's Robert Cromie, popular host of "Book
         Beat," comments on the loss during the past ten years of some of the great authors who
         shaped modern American literature, as Nelson Algren, Jessica Tandy and Ira Rogers read
         selections from Hemingway, Flannery O'Connor, and Langston Hughes respectively. And then
         there is that special group of children who have only known the world of the past decade.
         Fred Rogers of "Misterogers' Neighborhood" fame is creating a special piece on the world
         through their eyes. "Misterogers" producer is WQED, Pittsburgh.</marc:subfield>
      </marc:datafield>
      <marc:datafield tag="337" ind1=" " ind2=" ">
         <marc:subfield code="a">Moving Image</marc:subfield>
         <marc:subfield code="2">MAVIS media type controlled vocabulary</marc:subfield>
      </marc:datafield>
      <marc:datafield tag="024" ind1="8" ind2=" ">
         <marc:subfield code="a">2413283</marc:subfield>
         <marc:subfield code="2">MAVIS Title Number</marc:subfield>
      </marc:datafield>
      <marc:datafield tag="024" ind1="8" ind2=" ">
         <marc:subfield code="a">TAOL</marc:subfield>
         <marc:subfield code="2">NET/PBS NOLA</marc:subfield>
      </marc:datafield>
      <marc:datafield tag="024" ind1="8" ind2=" ">
         <marc:subfield code="a">0 (PBS-1994.xls)</marc:subfield>
         <marc:subfield code="2">NET/PBS number</marc:subfield>
      </marc:datafield>
      <marc:datafield tag="024" ind1="8" ind2=" ">
         <marc:subfield code="a">170 (NET microfiche)</marc:subfield>
         <marc:subfield code="2">NET/PBS number</marc:subfield>
      </marc:datafield>
      <marc:datafield tag="546" ind1=" " ind2=" ">
         <marc:subfield code="a">English</marc:subfield>
      </marc:datafield>
      <marc:datafield tag="787" ind1="0" ind2=" ">
         <marc:subfield code="w">2117330</marc:subfield>
         <marc:subfield code="n">MAVIS id number</marc:subfield>
      </marc:datafield>
      <marc:datafield tag="653" ind1=" " ind2=" ">
         <marc:subfield code="a">United States--Civilization</marc:subfield>
         <marc:subfield code="0">http://id.loc.gov/authorities/subjects/sh85139934</marc:subfield>
      </marc:datafield>
      <marc:datafield tag="653" ind1=" " ind2=" ">
         <marc:subfield code="a">United
         States--History--1961-1969</marc:subfield>
         <marc:subfield code="0">http://id.loc.gov/authorities/subjects/sh85140305</marc:subfield>
      </marc:datafield>
      <marc:datafield tag="245" ind1="0" ind2="0">
         <marc:subfield code="a">Thoughts of the artist on leaving
         the sixties.</marc:subfield>
         <marc:subfield code="b">a National Educational Television production ;
         executive producer, Jac Venza.</marc:subfield>
      </marc:datafield>
      <marc:datafield tag="246" ind1="3" ind2="3">
         <marc:subfield code="a">Thoughts of an artist on leaving the
         '60s.</marc:subfield>
      </marc:datafield>
      <marc:datafield tag="246" ind1="3" ind2="3">
         <marc:subfield code="a">NET playhouse. [No. 170], Thoughts of the artist on
         leaving the sixties.</marc:subfield>
      </marc:datafield>
      <marc:datafield tag="246" ind1="3" ind2="3">
         <marc:subfield code="a">NET playhouse. [1970-01-01]. Thoughts of the artist
         on leaving the sixties.</marc:subfield>
      </marc:datafield>
      <marc:datafield tag="246" ind1="3" ind2="3">
         <marc:subfield code="a">NET playhouse. Thoughts of the artist on leaving the
         sixties.</marc:subfield>
      </marc:datafield>
      <marc:datafield tag="246" ind1="3" ind2="3">
         <marc:subfield code="a">Thoughts of an artist on leaving the
         sixties.</marc:subfield>
      </marc:datafield>
      <marc:datafield tag="655" ind1=" " ind2="0">
         <marc:subfield code="a">Documentary television programs
         (lcgft)</marc:subfield>
         <marc:subfield code="0">http://id.loc.gov/authorities/genreForms/gf2011026207</marc:subfield>
      </marc:datafield>
      <marc:datafield tag="655" ind1=" " ind2="0">
         <marc:subfield code="a">Nonfiction television programs
         (lcgft)</marc:subfield>
         <marc:subfield code="0">http://id.loc.gov/authorities/genreForms/gf2011026425</marc:subfield>
      </marc:datafield>
      <marc:datafield tag="655" ind1=" " ind2="0">
         <marc:subfield code="a">Television specials (lcgft)</marc:subfield>
         <marc:subfield code="0">http://id.loc.gov/authorities/genreForms/gf2011026683</marc:subfield>
      </marc:datafield>
   </marc:record>