
   <marc:record>
      <marc:leader>      am         3u     </marc:leader>
      <marc:datafield tag="042" ind1=" " ind2=" ">
         <marc:subfield code="a">dc</marc:subfield>
      </marc:datafield>
      <marc:datafield tag="720" ind1=" " ind2=" ">
         <marc:subfield code="a">Merrow,
         Jane</marc:subfield>
         <marc:subfield code="e">Cast/Actor</marc:subfield>
         <marc:subfield code="0">http://id.loc.gov/authorities/names/no95060260</marc:subfield>
      </marc:datafield>
      <marc:datafield tag="720" ind1=" " ind2=" ">
         <marc:subfield code="a">National Educational Television and Radio Center</marc:subfield>
         <marc:subfield code="e">Broadcaster</marc:subfield>
         <marc:subfield code="0">http://id.loc.gov/authorities/names/n80050382</marc:subfield>
      </marc:datafield>
      <marc:datafield tag="720" ind1=" " ind2=" ">
         <marc:subfield code="a">Kneale, Nigel</marc:subfield>
         <marc:subfield code="e">Adapter/Dramatization</marc:subfield>
         <marc:subfield code="0">http://id.loc.gov/authorities/names/n90654990</marc:subfield>
      </marc:datafield>
      <marc:datafield tag="720" ind1=" " ind2=" ">
         <marc:subfield code="a">Garrie, John</marc:subfield>
         <marc:subfield code="e">Cast/Actor</marc:subfield>
      </marc:datafield>
      <marc:datafield tag="720" ind1=" " ind2=" ">
         <marc:subfield code="a">Buck,
         David, 1936-1989</marc:subfield>
         <marc:subfield code="e">Cast/Actor</marc:subfield>
         <marc:subfield code="0">http://id.loc.gov/authorities/names/no2004036161</marc:subfield>
      </marc:datafield>
      <marc:datafield tag="720" ind1=" " ind2=" ">
         <marc:subfield code="a">British Broadcasting Corporation</marc:subfield>
         <marc:subfield code="e">Production Company</marc:subfield>
         <marc:subfield code="0">http://id.loc.gov/authorities/names/n79074359</marc:subfield>
      </marc:datafield>
      <marc:datafield tag="720" ind1=" " ind2=" ">
         <marc:subfield code="a">Morahan,
         Christopher</marc:subfield>
         <marc:subfield code="e">Director</marc:subfield>
         <marc:subfield code="0">http://id.loc.gov/authorities/names/no99012090</marc:subfield>
      </marc:datafield>
      <marc:datafield tag="720" ind1=" " ind2=" ">
         <marc:subfield code="a">Orwell, George</marc:subfield>
         <marc:subfield code="e">Author/Based on</marc:subfield>
         <marc:subfield code="0">http://id.loc.gov/authorities/names/n79058639</marc:subfield>
      </marc:datafield>
      <marc:datafield tag="260" ind1=" " ind2=" ">
         <marc:subfield code="c">1965</marc:subfield>
      </marc:datafield>
      <marc:datafield tag="520" ind1=" " ind2=" ">
         <marc:subfield code="a">From NET microfiche, file N: From today's standpoint, the year 1984 is just
         sixteen years ahead of us, almost in sight on the horizon. Although the great problems of
         the world may not finally be solved by then, most of us believe that there is a fair chance
         of society surviving in a tolerable form. For George Orwell, however, 1984 represented a
         dark period, the year when the last spark of human dignity would be extinguished. When he
         wrote "1984," Orwell was sick and near the end of his life. He had seen the Spanish Civil
         War and the betrayal of "progressive' ideals. He had seen the Second World War, in which
         populations, even on the non-totalitarian side, had seemed to accept a regimentation which
         he found monstrous; and he was dying amid the great austerity of post-war Britain. He
         believed that ideology had become corrupted in to the pursuit of power for its own sake,
         and that people had been conditioned to accepting such power unquestioningly. So he
         imagined the character of Winston Smith, the hero of "1984" and Britain's last rebel.
         Britain has become a province of "Oceania," one of three tyrannical world super powers,
         locked permanently in a state of war, and Winston works in the Oceanian Ministry of Truth,
         whose function is to rewrite history into lies for the glory of the mysterious Big Brother.
         Big Brother is ever watchful; he gazes down from posters and from the ubiquitous, two-way
         television screens alert for "crime-thought" (one of those Orwell coinages like "newspeak"
         and "double-think" which have become part of the language. But Winston, although a junior
         member of the Outer Party and not expected to think for himself, dares to doubt the party
         leader's benevolence. Worse, he dares to fall in love with Julia, another would-be free
         spirit, and together they go in search of "the Brotherhood," a shadowy underground
         resistance group. And the consequence of their impious rebellion is a horror of torture,
         brainwashing, and total betrayal. The television version of "1984" was written by Nigel
         Kneale, who has updated his original script (which caused a sensation when it was first
         produced in 1953) to bring the narrative more into line with our times. The Author: George
         Orwell was the pseudonym of Eric Blair, an English essayist and novelist, who died of
         tuberculosis in 1950 at the age of 46 after having contributed two of the most influential
         works of political satire of this century, his novels "Animal Farm" and "1984." Described
         by the British writer and critic VS Pritchett as "the conscience of his generation," Orwell
         himself said that he had been forced by the age in which he lived into becoming "a sort of
         pamphleteer." He was born in Motihari, Bengal, into an Anglo-Indian family, and was
         educated as a scholarship student at Eton in England. He served for five years with the
         Indian Imperial Police in Burma, but after his health was affected by the climate, he left
         for Paris to begin his writing career. In 1936 he went to Spain and fought on the
         Republican side, but within four months was badly wounded and was forced to return to
         England. NET Playhouse - "1984" - a television dramatization of George Orwell's novel
         projecting the dark period of the year 1984, when the last spark of human dignity would be
         extinguished by international totalitarianism.</marc:subfield>
      </marc:datafield>
      <marc:datafield tag="337" ind1=" " ind2=" ">
         <marc:subfield code="a">Moving Image</marc:subfield>
         <marc:subfield code="2">MAVIS media type controlled vocabulary</marc:subfield>
      </marc:datafield>
      <marc:datafield tag="024" ind1="8" ind2=" ">
         <marc:subfield code="a">1654743</marc:subfield>
         <marc:subfield code="2">MAVIS Title Number</marc:subfield>
      </marc:datafield>
      <marc:datafield tag="024" ind1="8" ind2=" ">
         <marc:subfield code="a">NPNE</marc:subfield>
         <marc:subfield code="2">NET/PBS NOLA</marc:subfield>
      </marc:datafield>
      <marc:datafield tag="024" ind1="8" ind2=" ">
         <marc:subfield code="a">0 (PBS-1994.xls spreadsheet)</marc:subfield>
         <marc:subfield code="2">NET/PBS number</marc:subfield>
      </marc:datafield>
      <marc:datafield tag="024" ind1="8" ind2=" ">
         <marc:subfield code="a">81 (NET microfiche)</marc:subfield>
         <marc:subfield code="2">NET/PBS number</marc:subfield>
      </marc:datafield>
      <marc:datafield tag="546" ind1=" " ind2=" ">
         <marc:subfield code="a">English</marc:subfield>
      </marc:datafield>
      <marc:datafield tag="653" ind1=" " ind2=" ">
         <marc:subfield code="a">Dystopias</marc:subfield>
         <marc:subfield code="0">http://id.loc.gov/authorities/subjects/sh85040350</marc:subfield>
      </marc:datafield>
      <marc:datafield tag="245" ind1="0" ind2="0">
         <marc:subfield code="a">NET playhouse. 1984.</marc:subfield>
         <marc:subfield code="b">British Broadcasting Corporation ; director,
         Christopher Morahan ; [adaptor], Nigel Kheale ; by George Orwell.</marc:subfield>
      </marc:datafield>
      <marc:datafield tag="246" ind1="3" ind2="3">
         <marc:subfield code="a">1984.</marc:subfield>
      </marc:datafield>
      <marc:datafield tag="246" ind1="3" ind2="3">
         <marc:subfield code="a">World of George Orwell.</marc:subfield>
      </marc:datafield>
      <marc:datafield tag="246" ind1="3" ind2="3">
         <marc:subfield code="a">Theatre 625. [1965-11-28], The world of
         George Orwell. 1984.</marc:subfield>
      </marc:datafield>
      <marc:datafield tag="246" ind1="3" ind2="3">
         <marc:subfield code="a">Nineteen eighty four.</marc:subfield>
      </marc:datafield>
      <marc:datafield tag="246" ind1="3" ind2="3">
         <marc:subfield code="a">NET playhouse. Nineteen eighty four.</marc:subfield>
      </marc:datafield>
      <marc:datafield tag="246" ind1="3" ind2="3">
         <marc:subfield code="a">NET playhouse. [No. 81], 1984.</marc:subfield>
      </marc:datafield>
      <marc:datafield tag="655" ind1=" " ind2="0">
         <marc:subfield code="a">Television adaptations
         (lcgft)</marc:subfield>
         <marc:subfield code="0">http://id.loc.gov/authorities/genreForms/gf2011026653\n</marc:subfield>
      </marc:datafield>
      <marc:datafield tag="655" ind1=" " ind2="0">
         <marc:subfield code="a">Fiction television programs
         (lcgft)</marc:subfield>
         <marc:subfield code="0">http://id.loc.gov/authorities/genreForms/gf2011026252\n</marc:subfield>
      </marc:datafield>
      <marc:datafield tag="655" ind1=" " ind2="0">
         <marc:subfield code="a">Science fiction television programs
         (lcgft)</marc:subfield>
         <marc:subfield code="0">http://id.loc.gov/authorities/genreForms/gf2011026558</marc:subfield>
      </marc:datafield>
   </marc:record>