
   <marc:record>
      <marc:leader>      am         3u     </marc:leader>
      <marc:datafield tag="042" ind1=" " ind2=" ">
         <marc:subfield code="a">dc</marc:subfield>
      </marc:datafield>
      <marc:datafield tag="720" ind1=" " ind2=" ">
         <marc:subfield code="a">Gross,
         Charles, 1934-</marc:subfield>
         <marc:subfield code="e">Music</marc:subfield>
         <marc:subfield code="0">http://id.loc.gov/authorities/names/n88051154</marc:subfield>
      </marc:datafield>
      <marc:datafield tag="720" ind1=" " ind2=" ">
         <marc:subfield code="a">National Educational Television and Radio Center</marc:subfield>
         <marc:subfield code="e">Broadcaster</marc:subfield>
         <marc:subfield code="0">http://id.loc.gov/authorities/names/n80050382</marc:subfield>
      </marc:datafield>
      <marc:datafield tag="720" ind1=" " ind2=" ">
         <marc:subfield code="a">Doubleday, Kay</marc:subfield>
         <marc:subfield code="e">Cast/Actor</marc:subfield>
      </marc:datafield>
      <marc:datafield tag="720" ind1=" " ind2=" ">
         <marc:subfield code="a">Sherin,
         Edwin</marc:subfield>
         <marc:subfield code="e">Writer</marc:subfield>
         <marc:subfield code="0">http://id.loc.gov/authorities/names/no99012438</marc:subfield>
      </marc:datafield>
      <marc:datafield tag="720" ind1=" " ind2=" ">
         <marc:subfield code="a">Sharff,
         Stefan</marc:subfield>
         <marc:subfield code="e">Director</marc:subfield>
         <marc:subfield code="0">http://id.loc.gov/authorities/names/n82035505</marc:subfield>
      </marc:datafield>
      <marc:datafield tag="720" ind1=" " ind2=" ">
         <marc:subfield code="a">Sharff,
         Stefan</marc:subfield>
         <marc:subfield code="e">Writer</marc:subfield>
         <marc:subfield code="0">http://id.loc.gov/authorities/names/n82035505</marc:subfield>
      </marc:datafield>
      <marc:datafield tag="720" ind1=" " ind2=" ">
         <marc:subfield code="a">Chessid, Kay</marc:subfield>
         <marc:subfield code="e">Producer</marc:subfield>
      </marc:datafield>
      <marc:datafield tag="720" ind1=" " ind2=" ">
         <marc:subfield code="a">Debema Productions</marc:subfield>
         <marc:subfield code="e">Production Company</marc:subfield>
      </marc:datafield>
      <marc:datafield tag="260" ind1=" " ind2=" ">
         <marc:subfield code="c">1968-10-4</marc:subfield>
      </marc:datafield>
      <marc:datafield tag="260" ind1=" " ind2=" ">
         <marc:subfield code="c">1969-9-11</marc:subfield>
      </marc:datafield>
      <marc:datafield tag="260" ind1=" " ind2=" ">
         <marc:subfield code="c">1965-4-26</marc:subfield>
      </marc:datafield>
      <marc:datafield tag="520" ind1=" " ind2=" ">
         <marc:subfield code="a">From NET microfiche, file A: Suggested Newspaper Listing: NET Playhouse -
         "Across the River": a feature film starring veteran Broadway actor Lou Gilbert in the story
         of a gentle rag picker on the Manhattan waterfront whose attempt to help an abandoned girl
         leads to his own destruction. Program Description: The scene is the waterfront "across the
         river" from New York City. There, in the shadow of the Queensborough bridge, in a rickety,
         cluttered shack, lives a cheerful bearded old rag picker named Obadiah, who has created a
         comforting little hermit world of his own. His companions are his pushcart, a goat that
         gives him milk, a strawberry patch, and above all, his blissful innocent dreams. Life for
         Obadiah is a fragile, though contented, withdrawal from the harsh realities of the outer
         world. But into his simple and apparently happy life comes a girl, a poor young abandoned
         creature whose entrance into his existence unwittingly admits disaster. Obadiah rescues her
         when a man in a car tries to molest her, and he takes her home to his shack. They live
         idyllically side by side until the basic things she needs exceed Obadiah's meager earnings.
         Then slowly, inexorably, the world intrudes in the tenuous fabric of his life. Because he
         looks suspicious, a policeman takes his money, gotten from junk sales, and he steals a coat
         for the girl. One thing leads to another until one night, a band of neighborhood derelicts,
         who have become increasingly hostile to the old man and his ward, attack the girl and the
         goat as the two take a short walk outside the shanty. The girl escapes, but the goat is
         slaughtered and Obadiah watches in mute anguish. The veteran character actor Lou Gilbert
         plays the role of the almost inarticulate, unworldly old man Obadiah, and Kay Doubleday
         plays the girl, Monica. NET Playhouse - "Across the River" is a National Educational
         Television presentation. It is a Debema Production, directed by Stephen Sharff; written by
         Mr. Sharff and Ed Sherin. It was produced by Noel Marechal. Music is by Charles Gross.
         Producer for NET is Kay Chessid.</marc:subfield>
      </marc:datafield>
      <marc:datafield tag="337" ind1=" " ind2=" ">
         <marc:subfield code="a">Moving Image</marc:subfield>
         <marc:subfield code="2">MAVIS media type controlled vocabulary</marc:subfield>
      </marc:datafield>
      <marc:datafield tag="024" ind1="8" ind2=" ">
         <marc:subfield code="a">2424367</marc:subfield>
         <marc:subfield code="2">MAVIS Title Number</marc:subfield>
      </marc:datafield>
      <marc:datafield tag="024" ind1="8" ind2=" ">
         <marc:subfield code="a">NPAR</marc:subfield>
         <marc:subfield code="2">NET/PBS NOLA</marc:subfield>
      </marc:datafield>
      <marc:datafield tag="024" ind1="8" ind2=" ">
         <marc:subfield code="a">0 (PBS-1994.xls spreadsheet)</marc:subfield>
         <marc:subfield code="2">NET/PBS number</marc:subfield>
      </marc:datafield>
      <marc:datafield tag="024" ind1="8" ind2=" ">
         <marc:subfield code="a">154 (NET microfiche, file A)</marc:subfield>
         <marc:subfield code="2">NET/PBS number</marc:subfield>
      </marc:datafield>
      <marc:datafield tag="024" ind1="8" ind2=" ">
         <marc:subfield code="a">105 (NET microfiche, file N)</marc:subfield>
         <marc:subfield code="2">NET/PBS number</marc:subfield>
      </marc:datafield>
      <marc:datafield tag="546" ind1=" " ind2=" ">
         <marc:subfield code="a">English</marc:subfield>
      </marc:datafield>
      <marc:datafield tag="653" ind1=" " ind2=" ">
         <marc:subfield code="a">Recluses</marc:subfield>
         <marc:subfield code="0">http://id.loc.gov/authorities/subjects/sh85111837</marc:subfield>
      </marc:datafield>
      <marc:datafield tag="245" ind1="0" ind2="0">
         <marc:subfield code="a">NET playhouse. Across the river.</marc:subfield>
         <marc:subfield code="b">Debema Productions ; National Educational
         Television presentation ; producer, Noel Marechal ; director-writer, Stephen Sharff ;
         writer, Ed Sherin.</marc:subfield>
      </marc:datafield>
      <marc:datafield tag="246" ind1="3" ind2="3">
         <marc:subfield code="a">Across the river.</marc:subfield>
      </marc:datafield>
      <marc:datafield tag="246" ind1="3" ind2="3">
         <marc:subfield code="a">NET playhouse
         #154--across the river.</marc:subfield>
      </marc:datafield>
      <marc:datafield tag="246" ind1="3" ind2="3">
         <marc:subfield code="a">NET playhouse. [No. 154], Across the
         river.</marc:subfield>
      </marc:datafield>
      <marc:datafield tag="246" ind1="3" ind2="3">
         <marc:subfield code="a">NET playhouse. [No. 105], Across the
         river.</marc:subfield>
      </marc:datafield>
      <marc:datafield tag="655" ind1=" " ind2="0">
         <marc:subfield code="a">Fiction television programs
         (lcgft)</marc:subfield>
         <marc:subfield code="0">http://id.loc.gov/authorities/genreForms/gf2011026252\n</marc:subfield>
      </marc:datafield>
   </marc:record>