
   <marc:record>
      <marc:leader>      am         3u     </marc:leader>
      <marc:datafield tag="042" ind1=" " ind2=" ">
         <marc:subfield code="a">dc</marc:subfield>
      </marc:datafield>
      <marc:datafield tag="720" ind1=" " ind2=" ">
         <marc:subfield code="a">National Educational Television and Radio Center</marc:subfield>
         <marc:subfield code="e">Broadcaster</marc:subfield>
         <marc:subfield code="0">http://id.loc.gov/authorities/names/n80050382</marc:subfield>
      </marc:datafield>
      <marc:datafield tag="720" ind1=" " ind2=" ">
         <marc:subfield code="a">Shepherd, Jean</marc:subfield>
         <marc:subfield code="e">Commentator</marc:subfield>
         <marc:subfield code="0">http://id.loc.gov/authorities/names/n79117883</marc:subfield>
      </marc:datafield>
      <marc:datafield tag="720" ind1=" " ind2=" ">
         <marc:subfield code="a">Tappan, Olivia</marc:subfield>
         <marc:subfield code="e">Associate Producer</marc:subfield>
         <marc:subfield code="0">http://id.loc.gov/authorities/names/n97869394</marc:subfield>
      </marc:datafield>
      <marc:datafield tag="720" ind1=" " ind2=" ">
         <marc:subfield code="a">Silver,
         David</marc:subfield>
         <marc:subfield code="e">Cast/Actor</marc:subfield>
         <marc:subfield code="0">http://id.loc.gov/authorities/names/n88116731</marc:subfield>
      </marc:datafield>
      <marc:datafield tag="720" ind1=" " ind2=" ">
         <marc:subfield code="a">Beardsley, Ed</marc:subfield>
         <marc:subfield code="e">Cast/Actor</marc:subfield>
      </marc:datafield>
      <marc:datafield tag="720" ind1=" " ind2=" ">
         <marc:subfield code="a">WGBH
         (Television station : Boston, Mass.)</marc:subfield>
         <marc:subfield code="e">Undetermined</marc:subfield>
         <marc:subfield code="0">http://id.loc.gov/authorities/names/n80089989</marc:subfield>
      </marc:datafield>
      <marc:datafield tag="720" ind1=" " ind2=" ">
         <marc:subfield code="a">National Educational Television and Radio Center</marc:subfield>
         <marc:subfield code="e">Production Company</marc:subfield>
         <marc:subfield code="0">http://id.loc.gov/authorities/names/n80050382</marc:subfield>
      </marc:datafield>
      <marc:datafield tag="720" ind1=" " ind2=" ">
         <marc:subfield code="a">Venza, Jac</marc:subfield>
         <marc:subfield code="e">Executive Producer</marc:subfield>
         <marc:subfield code="0">http://id.loc.gov/authorities/names/no93017967</marc:subfield>
      </marc:datafield>
      <marc:datafield tag="720" ind1=" " ind2=" ">
         <marc:subfield code="a">Barzyk,
         Fred</marc:subfield>
         <marc:subfield code="e">Creator</marc:subfield>
         <marc:subfield code="0">http://id.loc.gov/authorities/names/no96060242</marc:subfield>
      </marc:datafield>
      <marc:datafield tag="720" ind1=" " ind2=" ">
         <marc:subfield code="a">Barzyk,
         Fred</marc:subfield>
         <marc:subfield code="e">Producer</marc:subfield>
         <marc:subfield code="0">http://id.loc.gov/authorities/names/no96060242</marc:subfield>
      </marc:datafield>
      <marc:datafield tag="720" ind1=" " ind2=" ">
         <marc:subfield code="a">Barzyk,
         Fred</marc:subfield>
         <marc:subfield code="e">Director</marc:subfield>
         <marc:subfield code="0">http://id.loc.gov/authorities/names/no96060242</marc:subfield>
      </marc:datafield>
      <marc:datafield tag="720" ind1=" " ind2=" ">
         <marc:subfield code="a">Silver,
         David</marc:subfield>
         <marc:subfield code="e">Creator</marc:subfield>
         <marc:subfield code="0">http://id.loc.gov/authorities/names/n88116731</marc:subfield>
      </marc:datafield>
      <marc:datafield tag="720" ind1=" " ind2=" ">
         <marc:subfield code="a">Loxton, David
         R.</marc:subfield>
         <marc:subfield code="e">Creator</marc:subfield>
         <marc:subfield code="0">http://id.loc.gov/authorities/names/no93020618</marc:subfield>
      </marc:datafield>
      <marc:datafield tag="720" ind1=" " ind2=" ">
         <marc:subfield code="a">Loxton, David
         R.</marc:subfield>
         <marc:subfield code="e">Producer</marc:subfield>
         <marc:subfield code="0">http://id.loc.gov/authorities/names/no93020618</marc:subfield>
      </marc:datafield>
      <marc:datafield tag="260" ind1=" " ind2=" ">
         <marc:subfield code="c">1970-2-2</marc:subfield>
      </marc:datafield>
      <marc:datafield tag="260" ind1=" " ind2=" ">
         <marc:subfield code="c">1970-2-19</marc:subfield>
      </marc:datafield>
      <marc:datafield tag="260" ind1=" " ind2=" ">
         <marc:subfield code="c">1970-6-18</marc:subfield>
      </marc:datafield>
      <marc:datafield tag="520" ind1=" " ind2=" ">
         <marc:subfield code="a">From NET microfiche: General Description of Series: This program launches an
         eight-part series of plays under the title of "A Generation of leaves." It was announced by
         Jac Venza, executive producer of NET Playhouse. The weekly series includes original
         commissions, presentations by such distinguished American authors as Marya Mannes and
         Thornton Wilder, productions from NET affiliate stations, and the pick of foreign
         television programs focusing on this theme. 'There is a consistency of theme in these
         dramas from a wide variety of sources," says Venza. "The younger generation questions its
         inheritance, the older generation questions the values of the younger generation - and
         herein lies the communications gap. Which is, by the way, nothing new." Its central theme
         is the seemingly world-wide breach between youth and elders. The title is derived from
         Homer's "Iliad," Book VI: "A generation of men is like a generation of leaves: the wind
         scatters some leaves upon the ground, while others the burgeoning wood brings forth - and
         the season of spring comes on. So of men one generation ceases and another springs forth."
         "A Generation of leaves" opens February 19th with "America, Inc.," an NET-commissioned work
         produced at WGBH-TV, Boston, with a highly experimental format; includes two one-act plays
         by Thornton Wilder, dramas from the Canadian Broadcasting corporation, the British
         Broadcasting Corporation, north German Television and WQED, Pittsburgh; and concludes in
         April with NET"s production of "They," a TV adaptation by Marya Mannes of her novel
         dramatizing a near future ruled by the young. Some of the plays in this series can be
         described as "off-beat" or "experimental" while other are conventional drams. "America,
         Inc." is in the former category. Suggested Newspaper Listing: "Generation of Leaves" - an
         international series of dramas revolving around the growing rift between generations.
         "America, Inc."--the premiere program offers three clashing views of our nation today.
         Starring British actor David Silver and radio personality Jean Shepherd. Episode
         description: The play is comprised of three elements woven together, each element offering
         a different outlook on American society. David Silver plays himself - a young family man
         (26 years old) who temporarily leaves home in what he calls a "search for feeling" about
         America. His aim is to get underneath the images and facades and experience what America is
         truly like. Together with friend Ed Beardsley, he sets out on an odyssey that exposes them
         to variety of situations in today's subculture. For example: in Boston they attend a Hare
         Krishna "love feast;" in New York they go to the Bowery area and establish
         acquaintanceships with derelicts who live there, and on Ellis island they visit the place
         where countless thousands of immigrants entered America in the early 1900s. After Beardsley
         returns home to Boston, Silver goes on to Washington, D.C., for the November moratorium,
         gets involved in the march and meets Yippie (Youth International Party) leader Abbie
         Hoffmann. Then he himself returns to Boston and reflects upon his experiences. Most of the
         events described above were neither scripted nor staged. All were filmed cinema verite on
         location. Interwoven with the presentation of Silver's odyssey is the commentary of Jean
         Shepherd, the veteran late-night personality. Shepherd, in his 40s, provides his own ironic
         and personal vision of America and the result is a very different view of the events
         portrayed on film. Shepherd has won four of the last five Playboy awards for best American
         humorist. Finally, there is the third element in this program - the "sponsor's"
         commercials. The "sponsor" of the play is a mythical non-profit corporation, "America,
         Inc." and its commercials are seen periodically throughout this production. America, Inc.
         is something in the nature of a large private philanthropic organization seeking to promote
         peace, love, and help for theneedy. Its commercials are public service spots (parodies of
         the real thing) about brotherhood, urban blight, and freedom of expression, etc., and they
         always project a positive view. At first these commercials seem to relate to Silver's
         experiences, but as the program develops the relationship grows more and more distant,
         demonstrating the clash between the 'corporate" and the "personal" outlooks, however
         benevolent both may be. This split reaches its climax in the Washington moratorium segment.
         There is no cast as such for this production. Silver is an actor-producer and a member of
         the WGBH (Boston) Rockefeller Artists in Television (a group co-sponsored by the
         Rockefeller Foundation and WGBH). At the Boston station he was co-producer of the
         experimental series "What's happening Mr. Silver," which won a 1969 NET affiliates award in
         the field of cultural affairs. Silver's friend, Beardsley, plays himself, as does
         Shepherd.</marc:subfield>
      </marc:datafield>
      <marc:datafield tag="337" ind1=" " ind2=" ">
         <marc:subfield code="a">Moving Image</marc:subfield>
         <marc:subfield code="2">MAVIS media type controlled vocabulary</marc:subfield>
      </marc:datafield>
      <marc:datafield tag="024" ind1="8" ind2=" ">
         <marc:subfield code="a">2325111</marc:subfield>
         <marc:subfield code="2">MAVIS Title Number</marc:subfield>
      </marc:datafield>
      <marc:datafield tag="024" ind1="8" ind2=" ">
         <marc:subfield code="a">GLEV</marc:subfield>
         <marc:subfield code="2">NET/PBS NOLA</marc:subfield>
      </marc:datafield>
      <marc:datafield tag="024" ind1="8" ind2=" ">
         <marc:subfield code="a">101</marc:subfield>
         <marc:subfield code="2">NET/PBS number</marc:subfield>
      </marc:datafield>
      <marc:datafield tag="546" ind1=" " ind2=" ">
         <marc:subfield code="a">English</marc:subfield>
      </marc:datafield>
      <marc:datafield tag="245" ind1="0" ind2="0">
         <marc:subfield code="a">NET playhouse. A generation of leaves. [No. 1],
         America, Inc.</marc:subfield>
         <marc:subfield code="b">National Educational Television production ;
         produced through the facilities of WGBH, Boston, in cooperation with WGBH Rockefeller
         Artists in Television ; executive producer, Jac Vanza ; created by David Silver, David
         Loxton, and Fred Barzyk ; produced by David Loxton and Fred Barcyk ; director, Fred
         Barzyk.</marc:subfield>
      </marc:datafield>
      <marc:datafield tag="246" ind1="3" ind2="3">
         <marc:subfield code="a">A generation of leaves. [No. 1],
         America, Inc.</marc:subfield>
      </marc:datafield>
      <marc:datafield tag="246" ind1="3" ind2="3">
         <marc:subfield code="a">America, Inc.</marc:subfield>
      </marc:datafield>
      <marc:datafield tag="246" ind1="3" ind2="3">
         <marc:subfield code="a">Generations of leaves. [No. 1],
         America, Inc.</marc:subfield>
      </marc:datafield>
      <marc:datafield tag="246" ind1="3" ind2="3">
         <marc:subfield code="a">Generations of leaves #1. America,
         Inc.</marc:subfield>
      </marc:datafield>
      <marc:datafield tag="246" ind1="3" ind2="3">
         <marc:subfield code="a">NET playhouse. America,
         inc.</marc:subfield>
      </marc:datafield>
      <marc:datafield tag="246" ind1="3" ind2="3">
         <marc:subfield code="a">NET playhouse. [No. 192], America, Inc.</marc:subfield>
      </marc:datafield>
      <marc:datafield tag="246" ind1="3" ind2="3">
         <marc:subfield code="a">NET playhouse. [No. 177], A generation of leaves.
         [No. 1], America, Inc.</marc:subfield>
      </marc:datafield>
      <marc:datafield tag="246" ind1="3" ind2="3">
         <marc:subfield code="a">NET playhouse. America, Inc.</marc:subfield>
      </marc:datafield>
      <marc:datafield tag="246" ind1="3" ind2="3">
         <marc:subfield code="a">NET playhouse. [1970-06-18]. America, Inc.</marc:subfield>
      </marc:datafield>
      <marc:datafield tag="246" ind1="3" ind2="3">
         <marc:subfield code="a">NET playhouse. [1970-02-19]. A generation of leaves.
         [No. 1], America, Inc.</marc:subfield>
      </marc:datafield>
      <marc:datafield tag="655" ind1=" " ind2="0">
         <marc:subfield code="a">Fiction television programs
         (lcgft)</marc:subfield>
         <marc:subfield code="0">http://id.loc.gov/authorities/genreForms/gf2011026252\n</marc:subfield>
      </marc:datafield>
      <marc:datafield tag="655" ind1=" " ind2="0">
         <marc:subfield code="a">Parody television programs
         (lcgft)</marc:subfield>
         <marc:subfield code="0">http://id.loc.gov/authorities/genreForms/gf2011026437\n</marc:subfield>
      </marc:datafield>
   </marc:record>