
   <marc:record>
      <marc:leader>      am         3u     </marc:leader>
      <marc:datafield tag="042" ind1=" " ind2=" ">
         <marc:subfield code="a">dc</marc:subfield>
      </marc:datafield>
      <marc:datafield tag="720" ind1=" " ind2=" ">
         <marc:subfield code="a">Gerdes,
         George</marc:subfield>
         <marc:subfield code="e">Performer</marc:subfield>
         <marc:subfield code="0">http://id.loc.gov/authorities/names/n95105367</marc:subfield>
      </marc:datafield>
      <marc:datafield tag="720" ind1=" " ind2=" ">
         <marc:subfield code="a">National Educational Television and Radio Center</marc:subfield>
         <marc:subfield code="e">Broadcaster</marc:subfield>
         <marc:subfield code="0">http://id.loc.gov/authorities/names/n80050382</marc:subfield>
      </marc:datafield>
      <marc:datafield tag="720" ind1=" " ind2=" ">
         <marc:subfield code="a">Gerdes,
         George</marc:subfield>
         <marc:subfield code="e">Music Composer</marc:subfield>
         <marc:subfield code="0">http://id.loc.gov/authorities/names/n95105367</marc:subfield>
      </marc:datafield>
      <marc:datafield tag="720" ind1=" " ind2=" ">
         <marc:subfield code="a">Benedetti,
         Robert L.</marc:subfield>
         <marc:subfield code="e">Director</marc:subfield>
         <marc:subfield code="0">http://id.loc.gov/authorities/names/n80098378</marc:subfield>
      </marc:datafield>
      <marc:datafield tag="720" ind1=" " ind2=" ">
         <marc:subfield code="a">Venza, Jac</marc:subfield>
         <marc:subfield code="e">Executive Producer</marc:subfield>
         <marc:subfield code="0">http://id.loc.gov/authorities/names/no93017967</marc:subfield>
      </marc:datafield>
      <marc:datafield tag="720" ind1=" " ind2=" ">
         <marc:subfield code="a">WQED</marc:subfield>
         <marc:subfield code="e">Production Company</marc:subfield>
         <marc:subfield code="0">http://id.loc.gov/authorities/names/n50036803</marc:subfield>
      </marc:datafield>
      <marc:datafield tag="720" ind1=" " ind2=" ">
         <marc:subfield code="a">Wickersham, Robert</marc:subfield>
         <marc:subfield code="e">Writer</marc:subfield>
      </marc:datafield>
      <marc:datafield tag="720" ind1=" " ind2=" ">
         <marc:subfield code="a">Sweenie,
         Jim</marc:subfield>
         <marc:subfield code="e">Producer</marc:subfield>
         <marc:subfield code="0">http://id.loc.gov/authorities/names/no2013139577</marc:subfield>
      </marc:datafield>
      <marc:datafield tag="720" ind1=" " ind2=" ">
         <marc:subfield code="a">Brauchitsch, Matt von</marc:subfield>
         <marc:subfield code="e">Executive Producer</marc:subfield>
      </marc:datafield>
      <marc:datafield tag="260" ind1=" " ind2=" ">
         <marc:subfield code="c">1970-3-5</marc:subfield>
      </marc:datafield>
      <marc:datafield tag="520" ind1=" " ind2=" ">
         <marc:subfield code="a">From NET microfiche: General Description of Series: This program launches an
         eight-part series of plays under the title of "A Generation of leaves." It was announced by
         Jac Venza, executive producer of NET Playhouse. The weekly series includes original
         commissions, presentations by such distinguished American authors as Marya Mannes and
         Thornton Wilder, productions from NET affiliate stations, and the pick of foreign
         television programs focusing on this theme. 'There is a consistency of theme in these
         dramas from a wide variety of sources," says Venza. "The younger generation questions its
         inheritance, the older generation questions the values of the younger generation - and
         herein lies the communications gap. Which is, by the way, nothing new." Its central theme
         is the seemingly world-wide breach between youth and elders. The title is derived from
         Homer's "Iliad," Book VI: "A generation of men is like a generation of leaves: the wind
         scatters some leaves upon the ground, while others the burgeoning wood brings forth - and
         the season of spring comes on. So of men one generation ceases and another springs forth."
         "A Generation of leaves" opens February 19th with "America, Inc.," an NET-commissioned work
         produced at WGBH-TV, Boston, with a highly experimental format; includes two one-act plays
         by Thornton Wilder, dramas from the Canadian Broadcasting corporation, the British
         Broadcasting Corporation, north German Television and WQED, Pittsburgh; and concludes in
         April with NET"s production of "They," a TV adaptation by Marya Mannes of her novel
         dramatizing a near future ruled by the young. Some of the plays in this series can be
         described as "off-beat" or "experimental" while other are conventional drams. "America,
         Inc." is in the former category. Suggested Newspaper Listing: "Generation of Leaves" - an
         international series of dramas revolving around the growing rift between generations.
         "America, Inc."--the premiere program offers three clashing views of our nation today.
         Starring British actor David Silver and radio personality Jean Shepherd. Episode
         description: This play was produced by WQED, Pittsburgh, and written by Robert Wickersham,
         a Pittsburgh author who died in 1966 while in his early 40s. Ed and his girl companion,
         Tracy, are a couple of drifters who are heading across the country to a commune in
         California. Both are college drop-outs, both very disoriented. While passing through a
         small Pennsylvania manufacturing town they are detained by the sheriff who impounds their
         auto on a technicality, forcing them to find work so they can earn enough money to reclaim
         the car. The impounding was in fact an act of harassment on the part of the sheriff who
         resents the youngsters and feels it his duty to "straighten the kids out." Tracy becomes a
         go-go dancer at a local bar, while Ed finds a job as a photographer's assistant. As it
         turns out, the photographer is a man who went through a period of alienation similar to
         Ed's, and gradually an important relationship develops between the two men. In the end,
         Tracy leaves town with a local hippie while Ed has apparently "stopped running." This play
         was televised last June over WQED and in a review in the Pittsburgh Press TV editor Vince
         Leonard said: "The play concerns today's youth but it isnot preachy; yet there is
         preachment, a message that the viewer gets by osmosis rather than the sledgehammer. Above
         all, the acting is excellent, particularly by Craig Bovia and Terry Evans, who play,
         respectively, Ed the drifter and Neil the photographer." The Cast: Ed - Craig Bovia Tracy -
         Elayne Heilveil Neil - Terry Evans Sheriff - Don Brockett Hippy - George Gerdes Case worker
         - Ann Gladmon Original music composed and performed on guitar by George
         Gerdes.</marc:subfield>
      </marc:datafield>
      <marc:datafield tag="337" ind1=" " ind2=" ">
         <marc:subfield code="a">Moving Image</marc:subfield>
         <marc:subfield code="2">MAVIS media type controlled vocabulary</marc:subfield>
      </marc:datafield>
      <marc:datafield tag="024" ind1="8" ind2=" ">
         <marc:subfield code="a">2325192</marc:subfield>
         <marc:subfield code="2">MAVIS Title Number</marc:subfield>
      </marc:datafield>
      <marc:datafield tag="024" ind1="8" ind2=" ">
         <marc:subfield code="a">GLEV</marc:subfield>
         <marc:subfield code="2">NET/PBS NOLA</marc:subfield>
      </marc:datafield>
      <marc:datafield tag="024" ind1="8" ind2=" ">
         <marc:subfield code="a">103</marc:subfield>
         <marc:subfield code="2">NET/PBS number</marc:subfield>
      </marc:datafield>
      <marc:datafield tag="546" ind1=" " ind2=" ">
         <marc:subfield code="a">English</marc:subfield>
      </marc:datafield>
      <marc:datafield tag="787" ind1="0" ind2=" ">
         <marc:subfield code="w">2325296</marc:subfield>
         <marc:subfield code="n">MAVIS id number</marc:subfield>
      </marc:datafield>
      <marc:datafield tag="653" ind1=" " ind2=" ">
         <marc:subfield code="a">Male friendship</marc:subfield>
         <marc:subfield code="0">http://id.loc.gov/authorities/subjects/sh93005650</marc:subfield>
      </marc:datafield>
      <marc:datafield tag="653" ind1=" " ind2=" ">
         <marc:subfield code="a">Drifters</marc:subfield>
         <marc:subfield code="0">http://id.loc.gov/authorities/subjects/sh86006167</marc:subfield>
      </marc:datafield>
      <marc:datafield tag="245" ind1="0" ind2="0">
         <marc:subfield code="a">NET playhouse. A generation of leaves. [No. 3],
         Stopped running.</marc:subfield>
         <marc:subfield code="b">WQED, Pittsburgh ; producer, James Sweenie ;
         director, Robert Benedetti ; executive producer, Matt von Brauchitsch ; executive producer
         for NET, Jac Venza ; written by Robert Wickersham.</marc:subfield>
      </marc:datafield>
      <marc:datafield tag="246" ind1="3" ind2="3">
         <marc:subfield code="a">A generation of leaves. [No. 3],
         Stopped running.</marc:subfield>
      </marc:datafield>
      <marc:datafield tag="246" ind1="3" ind2="3">
         <marc:subfield code="a">Stopped running.</marc:subfield>
      </marc:datafield>
      <marc:datafield tag="246" ind1="3" ind2="3">
         <marc:subfield code="a">NET playhouse. [1970-03-05]. A generation of leaves.
         [No. 3], Stopped running.</marc:subfield>
      </marc:datafield>
      <marc:datafield tag="246" ind1="3" ind2="3">
         <marc:subfield code="a">NET playhouse. [No. 179], A generation of leaves.
         [No. 3], Stopped running.</marc:subfield>
      </marc:datafield>
      <marc:datafield tag="655" ind1=" " ind2="0">
         <marc:subfield code="a">Fiction television programs
         (lcgft)</marc:subfield>
         <marc:subfield code="0">http://id.loc.gov/authorities/genreForms/gf2011026252\n</marc:subfield>
      </marc:datafield>
   </marc:record>