
   <marc:record>
      <marc:leader>      am         3u     </marc:leader>
      <marc:datafield tag="042" ind1=" " ind2=" ">
         <marc:subfield code="a">dc</marc:subfield>
      </marc:datafield>
      <marc:datafield tag="720" ind1=" " ind2=" ">
         <marc:subfield code="a">Gerdes,
         George</marc:subfield>
         <marc:subfield code="e">Performer</marc:subfield>
         <marc:subfield code="0">http://id.loc.gov/authorities/names/n95105367</marc:subfield>
      </marc:datafield>
      <marc:datafield tag="720" ind1=" " ind2=" ">
         <marc:subfield code="a">National Educational Television and Radio Center</marc:subfield>
         <marc:subfield code="e">Broadcaster</marc:subfield>
         <marc:subfield code="0">http://id.loc.gov/authorities/names/n80050382</marc:subfield>
      </marc:datafield>
      <marc:datafield tag="720" ind1=" " ind2=" ">
         <marc:subfield code="a">Gerdes,
         George</marc:subfield>
         <marc:subfield code="e">Music Composer</marc:subfield>
         <marc:subfield code="0">http://id.loc.gov/authorities/names/n95105367</marc:subfield>
      </marc:datafield>
      <marc:datafield tag="720" ind1=" " ind2=" ">
         <marc:subfield code="a">Benedetti,
         Robert L.</marc:subfield>
         <marc:subfield code="e">Director</marc:subfield>
         <marc:subfield code="0">http://id.loc.gov/authorities/names/n80098378</marc:subfield>
      </marc:datafield>
      <marc:datafield tag="720" ind1=" " ind2=" ">
         <marc:subfield code="a">WQED</marc:subfield>
         <marc:subfield code="e">Production Company</marc:subfield>
         <marc:subfield code="0">http://id.loc.gov/authorities/names/n50036803</marc:subfield>
      </marc:datafield>
      <marc:datafield tag="720" ind1=" " ind2=" ">
         <marc:subfield code="a">Wickersham, Robert</marc:subfield>
         <marc:subfield code="e">Writer</marc:subfield>
      </marc:datafield>
      <marc:datafield tag="720" ind1=" " ind2=" ">
         <marc:subfield code="a">Sweenie,
         Jim</marc:subfield>
         <marc:subfield code="e">Producer</marc:subfield>
         <marc:subfield code="0">http://id.loc.gov/authorities/names/no2013139577</marc:subfield>
      </marc:datafield>
      <marc:datafield tag="720" ind1=" " ind2=" ">
         <marc:subfield code="a">Brauchitsch, Matt von</marc:subfield>
         <marc:subfield code="e">Executive Producer</marc:subfield>
      </marc:datafield>
      <marc:datafield tag="260" ind1=" " ind2=" ">
         <marc:subfield code="c">1969-7-24</marc:subfield>
      </marc:datafield>
      <marc:datafield tag="260" ind1=" " ind2=" ">
         <marc:subfield code="c">1969 to 1970</marc:subfield>
      </marc:datafield>
      <marc:datafield tag="520" ind1=" " ind2=" ">
         <marc:subfield code="a">From NET microfiche: This play was produced by WQED, Pittsburgh, and written
         by Robert Wickersham, a Pittsburgh author who died in 1966 while in his early 40s. Ed and
         his girl companion, Tracy, are a couple of drifters who are heading across the country to a
         commune in California. Both are college drop-outs, both very disoriented. While passing
         through a small Pennsylvania manufacturing town they are detained by the sheriff who
         impounds their auto on a technicality, forcing them to find work so they can earn enough
         money to reclaim the car. The impounding was in fact an act of harassment on the part of
         the sheriff who resents the youngsters and feels it his duty to "straighten the kids out."
         Tracy becomes a go-go dancer at a local bar, while Ed finds a job as a photographer's
         assistant. As it turns out, the photographer is a man who went through a period of
         alienation similar to Ed's, and gradually an important relationship develops between the
         two men. In the end, Tracy leaves town with a local hippie while Ed has apparently "stopped
         running." This play was televised in June 1969 over WQED and in a review in the Pittsburgh
         Press TV editor Vince Leonard said: "The play concerns today's youth but it isnot preachy;
         yet there is preachment, a message that the viewer gets by osmosis rather than the
         sledgehammer. Above all, the acting is excellent, particularly by Craig Bovia and Terry
         Evans, who play, respectively, Ed the drifter and Neil the photographer." The Cast: Ed -
         Craig Bovia Tracy - Elayne Heilveil Neil - Terry Evans Sheriff - Don Brockett Hippy -
         George Gerdes Case worker - Ann Gladmon Original music composed and performed on guitar by
         George Gerdes.</marc:subfield>
      </marc:datafield>
      <marc:datafield tag="337" ind1=" " ind2=" ">
         <marc:subfield code="a">Moving Image</marc:subfield>
         <marc:subfield code="2">MAVIS media type controlled vocabulary</marc:subfield>
      </marc:datafield>
      <marc:datafield tag="024" ind1="8" ind2=" ">
         <marc:subfield code="a">2325296</marc:subfield>
         <marc:subfield code="2">MAVIS Title Number</marc:subfield>
      </marc:datafield>
      <marc:datafield tag="024" ind1="8" ind2=" ">
         <marc:subfield code="a">SPRN</marc:subfield>
         <marc:subfield code="2">NET/PBS NOLA</marc:subfield>
      </marc:datafield>
      <marc:datafield tag="024" ind1="8" ind2=" ">
         <marc:subfield code="a">0</marc:subfield>
         <marc:subfield code="2">NET/PBS number</marc:subfield>
      </marc:datafield>
      <marc:datafield tag="546" ind1=" " ind2=" ">
         <marc:subfield code="a">English</marc:subfield>
      </marc:datafield>
      <marc:datafield tag="787" ind1="0" ind2=" ">
         <marc:subfield code="w">2325192</marc:subfield>
         <marc:subfield code="n">MAVIS id number</marc:subfield>
      </marc:datafield>
      <marc:datafield tag="653" ind1=" " ind2=" ">
         <marc:subfield code="a">Male friendship</marc:subfield>
         <marc:subfield code="0">http://id.loc.gov/authorities/subjects/sh93005650</marc:subfield>
      </marc:datafield>
      <marc:datafield tag="653" ind1=" " ind2=" ">
         <marc:subfield code="a">Drifters</marc:subfield>
         <marc:subfield code="0">http://id.loc.gov/authorities/subjects/sh86006167</marc:subfield>
      </marc:datafield>
      <marc:datafield tag="245" ind1="0" ind2="0">
         <marc:subfield code="a">Stopped running.</marc:subfield>
         <marc:subfield code="b">WQED, Pittsburgh ; producer, James Sweenie ;
         director, Robert Benedetti ; executive producer, Matt von Brauchitsch ; written by Robert
         Wickersham.</marc:subfield>
      </marc:datafield>
      <marc:datafield tag="655" ind1=" " ind2="0">
         <marc:subfield code="a">Fiction television programs
         (lcgft)</marc:subfield>
         <marc:subfield code="0">http://id.loc.gov/authorities/genreForms/gf2011026252\n</marc:subfield>
      </marc:datafield>
   </marc:record>