
   <marc:record>
      <marc:leader>      am         3u     </marc:leader>
      <marc:datafield tag="042" ind1=" " ind2=" ">
         <marc:subfield code="a">dc</marc:subfield>
      </marc:datafield>
      <marc:datafield tag="720" ind1=" " ind2=" ">
         <marc:subfield code="a">National Educational Television and Radio Center</marc:subfield>
         <marc:subfield code="e">Broadcaster</marc:subfield>
         <marc:subfield code="0">http://id.loc.gov/authorities/names/n80050382</marc:subfield>
      </marc:datafield>
      <marc:datafield tag="720" ind1=" " ind2=" ">
         <marc:subfield code="a">Venza,
         Jac</marc:subfield>
         <marc:subfield code="e">Producer</marc:subfield>
         <marc:subfield code="0">http://id.loc.gov/authorities/names/no93017967</marc:subfield>
      </marc:datafield>
      <marc:datafield tag="720" ind1=" " ind2=" ">
         <marc:subfield code="a">Studio Hamburg</marc:subfield>
         <marc:subfield code="e">Production Company</marc:subfield>
      </marc:datafield>
      <marc:datafield tag="720" ind1=" " ind2=" ">
         <marc:subfield code="a">Lys, Gunther
         R.</marc:subfield>
         <marc:subfield code="e">Writer</marc:subfield>
         <marc:subfield code="0">http://id.loc.gov/authorities/names/n88663887</marc:subfield>
      </marc:datafield>
      <marc:datafield tag="260" ind1=" " ind2=" ">
         <marc:subfield code="c">1970-3-12</marc:subfield>
      </marc:datafield>
      <marc:datafield tag="520" ind1=" " ind2=" ">
         <marc:subfield code="a">From NET microfiche: General Description of Series: This program launches an
         eight-part series of plays under the title of "A Generation of leaves." It was announced by
         Jac Venza, executive producer of NET Playhouse. The weekly series includes original
         commissions, presentations by such distinguished American authors as Marya Mannes and
         Thornton Wilder, productions from NET affiliate stations, and the pick of foreign
         television programs focusing on this theme. 'There is a consistency of theme in these
         dramas from a wide variety of sources," says Venza. "The younger generation questions its
         inheritance, the older generation questions the values of the younger generation - and
         herein lies the communications gap. Which is, by the way, nothing new." Its central theme
         is the seemingly world-wide breach between youth and elders. The title is derived from
         Homer's "Iliad," Book VI: "A generation of men is like a generation of leaves: the wind
         scatters some leaves upon the ground, while others the burgeoning wood brings forth - and
         the season of spring comes on. So of men one generation ceases and another springs forth."
         "A Generation of leaves" opens February 19th with "America, Inc.," an NET-commissioned work
         produced at WGBH-TV, Boston, with a highly experimental format; includes two one-act plays
         by Thornton Wilder, dramas from the Canadian Broadcasting corporation, the British
         Broadcasting Corporation, north German Television and WQED, Pittsburgh; and concludes in
         April with NET"s production of "They," a TV adaptation by Marya Mannes of her novel
         dramatizing a near future ruled by the young. Some of the plays in this series can be
         described as "off-beat" or "experimental" while other are conventional drams. "America,
         Inc." is in the former category. Suggested Newspaper Listing: "Generation of Leaves" - an
         international series of dramas revolving around the growing rift between generations.
         "America, Inc."--the premiere program offers three clashing views of our nation today.
         Starring British actor David Silver and radio personality Jean Shepherd. Episode
         description: From NET microfiche, N: "Walls" ("Mauern"), from north German Television,
         depicts a similar problem in another country. Written by Gunther Lys, whose "Nur Ein Tag"
         recently presented NET audiences with a harrowing German look at Hitler's concentration
         camps, "Walls" depicts two World War II veterans who once held widely separate goals but
         now face a common problem. One had been a Nazi, the other a Communist. Today they have sons
         the same age; both sons try to free themselves from their parents' legacies and work out
         their own ideology. From NET microfiche, W: "Walls" is a German play written by Gunther Lys
         and dubbed in English for NET Playhouse. The story begins with the killing of an East
         German trying to escape to West Berlin. As West German police investigate the incident, the
         story unfolds through flashbacks: The year is 1931. A Communist printer named Koslowski is
         at work in his shop in a German village when a man bursts in seeking a hiding place from
         the police. His name is Nast. He's a Nazi sympathizer and he's been shot during a street
         battle between left and right forces. Koslowski and Nast quarrel briefly but the printer,
         rather than turn Nast out into the street and certain death, gives him a hiding place and
         cleans his wound. Then a friendship develops. Several years later the situation is
         reversed. Hitler is rising to power and now it is Koslowski and his family who are being
         hidden by Nast. Both men have held fast to their respective ideologies, and Nast now
         occupies a position of growing importance among the Nazis - a position which he feels is
         threatened by the presence of the Koslowskis. Nast sends them away and Koslowski becomes
         embittered toward his friend. Some 30 years pass and the Berlin Wall has gone up. Koslowski
         and Nast are bitter enemies and still cling to their old ideologies. But Koslowski's son,
         Walter, and Nast's son, Hans, are best friends and they reject the rigidity of their
         father's viewpoints. In both families a serious breach has developed between father and
         son. However, the two young men, while recognizing the mistakes of their parents, have
         nevertheless inherited different outlooks. Hans wants to escape to the West, where his
         fiance who has just fled is awaiting him. Walter, who is a border guard, retains his
         socialistic ideals and feels it is wrong to abandon East Germany, though he is not happy
         there. Hans wants his friend to come with him and forces the issue by attempting his escape
         at the point where Walter is on guard duty. Walter is torn between his friendship and his
         sense of duty to the state, which dictates that he shoot the escapee. He does not shoot,
         and failing to do so he realizes he must now also flee. Walter makes it, but Hans is killed
         by another guard.</marc:subfield>
      </marc:datafield>
      <marc:datafield tag="024" ind1="8" ind2=" ">
         <marc:subfield code="a">2325121</marc:subfield>
         <marc:subfield code="2">MAVIS Title Number</marc:subfield>
      </marc:datafield>
      <marc:datafield tag="024" ind1="8" ind2=" ">
         <marc:subfield code="a">GLEV</marc:subfield>
         <marc:subfield code="2">NET/PBS NOLA</marc:subfield>
      </marc:datafield>
      <marc:datafield tag="024" ind1="8" ind2=" ">
         <marc:subfield code="a">104</marc:subfield>
         <marc:subfield code="2">NET/PBS number</marc:subfield>
      </marc:datafield>
      <marc:datafield tag="653" ind1=" " ind2=" ">
         <marc:subfield code="a">Berlin Wall, Berlin, Germany,
         1961-1989</marc:subfield>
         <marc:subfield code="0">http://id.loc.gov/authorities/subjects/sh85013357</marc:subfield>
      </marc:datafield>
      <marc:datafield tag="653" ind1=" " ind2=" ">
         <marc:subfield code="a">Male friendship</marc:subfield>
         <marc:subfield code="0">http://id.loc.gov/authorities/subjects/sh93005650</marc:subfield>
      </marc:datafield>
      <marc:datafield tag="245" ind1="0" ind2="0">
         <marc:subfield code="a">NET playhouse. A generation of leaves. [No. 4],
         Walls.</marc:subfield>
         <marc:subfield code="b">Studio Hamburg ; NET producer, Jac Vanza ;
         writer, Gunther Lys.</marc:subfield>
      </marc:datafield>
      <marc:datafield tag="246" ind1="3" ind2="3">
         <marc:subfield code="a">Mauern.</marc:subfield>
      </marc:datafield>
      <marc:datafield tag="246" ind1="3" ind2="3">
         <marc:subfield code="a">A generation of leaves. [No. 4],
         Walls.</marc:subfield>
      </marc:datafield>
      <marc:datafield tag="246" ind1="3" ind2="3">
         <marc:subfield code="a">Walls.</marc:subfield>
      </marc:datafield>
      <marc:datafield tag="246" ind1="3" ind2="3">
         <marc:subfield code="a">NET playhouse. [No. 180], A generation of leaves.
         [No. 4], Walls.</marc:subfield>
      </marc:datafield>
      <marc:datafield tag="246" ind1="3" ind2="3">
         <marc:subfield code="a">NET playhouse. [1970-03-12]. A generation of leaves.
         [No. 4], Walls.</marc:subfield>
      </marc:datafield>
      <marc:datafield tag="655" ind1=" " ind2="0">
         <marc:subfield code="a">Fiction television programs
         (lcgft)</marc:subfield>
         <marc:subfield code="0">http://id.loc.gov/authorities/genreForms/gf2011026252\n</marc:subfield>
      </marc:datafield>
   </marc:record>