
   <marc:record>
      <marc:leader>      am         3u     </marc:leader>
      <marc:datafield tag="042" ind1=" " ind2=" ">
         <marc:subfield code="a">dc</marc:subfield>
      </marc:datafield>
      <marc:datafield tag="720" ind1=" " ind2=" ">
         <marc:subfield code="a">National Educational Television and Radio Center</marc:subfield>
         <marc:subfield code="e">Broadcaster</marc:subfield>
         <marc:subfield code="0">http://id.loc.gov/authorities/names/n80050382</marc:subfield>
      </marc:datafield>
      <marc:datafield tag="260" ind1=" " ind2=" ">
         <marc:subfield code="c">1970-3-12</marc:subfield>
      </marc:datafield>
      <marc:datafield tag="520" ind1=" " ind2=" ">
         <marc:subfield code="a">From NET microfiche, W: "Walls" is a German play written by Gunther Lys and
         dubbed in English for NET Playhouse. The story begins with the killing of an East German
         trying to escape to West Berlin. As West German police investigate the incident, the story
         unfolds through flashbacks: The year is 1931. A Communist printer named Koslowski is at
         work in his shop in a German village when a man bursts in seeking a hiding place from the
         police. His name is Nast. He's a Nazi sympathizer and he's been shot during a street battle
         between left and right forces. Koslowski and Nast quarrel briefly but the printer, rather
         than turn Nast out into the street and certain death, gives him a hiding place and cleans
         his wound. Then a friendship develops. Several years later the situation is reversed.
         Hitler is rising to power and now it is Koslowski and his family who are being hidden by
         Nast. Both men have held fast to their respective ideologies, and Nast now occupies a
         position of growing importance among the Nazis - a position which he feels is threatened by
         the presence of the Koslowskis. Nast sends them away and Koslowski becomes embittered
         toward his friend. Some 30 years pass and the Berlin Wall has gone up. Koslowski and Nast
         are bitter enemies and still cling to their old ideologies. But Koslowski's son, Walter,
         and Nast's son, Hans, are best friends and they reject the rigidity of their father's
         viewpoints. In both families a serious breach has developed between father and son.
         However, the two young men, while recognizing the mistakes of their parents, have
         nevertheless inherited different outlooks. Hans wants to escape to the West, where his
         fiance who has just fled is awaiting him. Walter, who is a border guard, retains his
         socialistic ideals and feels it is wrong to abandon East Germany, though he is not happy
         there. Hans wants his friend to come with him and forces the issue by attempting his escape
         at the point where Walter is on guard duty. Walter is torn between his friendship and his
         sense of duty to the state, which dictates that he shoot the escapee. He does not shoot,
         and failing to do so he realizes he must now also flee. Walter makes it, but Hans is killed
         by another guard. Filler information: The filler for this program is an animated Polish
         film titled "Card File," which runs 6:47. Viewers see a mysterious hand picking cards out
         of a file -- each card labeled according to subject, and each subject representing one of
         the world's great problems. Every card that is picked out leads to an animated satire of
         that particular subject. At the end of the film the hand is revealed to belong to a robot
         that is indexing the remnants of our destroyed civilization.</marc:subfield>
      </marc:datafield>
      <marc:datafield tag="337" ind1=" " ind2=" ">
         <marc:subfield code="a">Moving Image</marc:subfield>
         <marc:subfield code="2">MAVIS media type controlled vocabulary</marc:subfield>
      </marc:datafield>
      <marc:datafield tag="024" ind1="8" ind2=" ">
         <marc:subfield code="a">2325130</marc:subfield>
         <marc:subfield code="2">MAVIS Title Number</marc:subfield>
      </marc:datafield>
      <marc:datafield tag="546" ind1=" " ind2=" ">
         <marc:subfield code="a">English</marc:subfield>
      </marc:datafield>
      <marc:datafield tag="787" ind1="0" ind2=" ">
         <marc:subfield code="w">2325121</marc:subfield>
         <marc:subfield code="n">MAVIS id number</marc:subfield>
         <marc:subfield code="m">Content 1</marc:subfield>
      </marc:datafield>
      <marc:datafield tag="787" ind1="0" ind2=" ">
         <marc:subfield code="w">2325127</marc:subfield>
         <marc:subfield code="n">MAVIS id number</marc:subfield>
         <marc:subfield code="m">Content 2</marc:subfield>
      </marc:datafield>
      <marc:datafield tag="245" ind1="0" ind2="0">
         <marc:subfield code="a">[NET playhouse. A generation of leaves. [No. 4],
         Walls ; Card file].</marc:subfield>
      </marc:datafield>
      <marc:datafield tag="246" ind1="3" ind2="3">
         <marc:subfield code="a">NET p.h. Generation of leaves. [No.
         4], Walls.</marc:subfield>
      </marc:datafield>
   </marc:record>