
   <marc:record>
      <marc:leader>      am         3u     </marc:leader>
      <marc:datafield tag="042" ind1=" " ind2=" ">
         <marc:subfield code="a">dc</marc:subfield>
      </marc:datafield>
      <marc:datafield tag="720" ind1=" " ind2=" ">
         <marc:subfield code="a">National Educational Television and Radio Center</marc:subfield>
         <marc:subfield code="e">Broadcaster</marc:subfield>
         <marc:subfield code="0">http://id.loc.gov/authorities/names/n80050382</marc:subfield>
      </marc:datafield>
      <marc:datafield tag="720" ind1=" " ind2=" ">
         <marc:subfield code="a"/>
         <marc:subfield code="e">Music</marc:subfield>
      </marc:datafield>
      <marc:datafield tag="720" ind1=" " ind2=" ">
         <marc:subfield code="a">Esterman, Laura.</marc:subfield>
         <marc:subfield code="e">Cast/Actor</marc:subfield>
      </marc:datafield>
      <marc:datafield tag="720" ind1=" " ind2=" ">
         <marc:subfield code="a">Teuber, Andreas</marc:subfield>
         <marc:subfield code="e">Cast/Actor</marc:subfield>
      </marc:datafield>
      <marc:datafield tag="720" ind1=" " ind2=" ">
         <marc:subfield code="a">WGBH
         (Television station : Boston, Mass.)</marc:subfield>
         <marc:subfield code="e">Undetermined</marc:subfield>
         <marc:subfield code="0">http://id.loc.gov/authorities/names/n80089989</marc:subfield>
      </marc:datafield>
      <marc:datafield tag="720" ind1=" " ind2=" ">
         <marc:subfield code="a">Mayer,
         Timothy S.</marc:subfield>
         <marc:subfield code="e">Director</marc:subfield>
         <marc:subfield code="0">http://id.loc.gov/authorities/names/n84028903</marc:subfield>
      </marc:datafield>
      <marc:datafield tag="720" ind1=" " ind2=" ">
         <marc:subfield code="a">Mayer, Timothy
         S.</marc:subfield>
         <marc:subfield code="e">Writer</marc:subfield>
         <marc:subfield code="0">http://id.loc.gov/authorities/names/n84028903</marc:subfield>
      </marc:datafield>
      <marc:datafield tag="720" ind1=" " ind2=" ">
         <marc:subfield code="a">National Educational Television and Radio Center</marc:subfield>
         <marc:subfield code="e">Production Company</marc:subfield>
         <marc:subfield code="0">http://id.loc.gov/authorities/names/n80050382</marc:subfield>
      </marc:datafield>
      <marc:datafield tag="720" ind1=" " ind2=" ">
         <marc:subfield code="a">Venza, Jac</marc:subfield>
         <marc:subfield code="e">Executive Producer</marc:subfield>
         <marc:subfield code="0">http://id.loc.gov/authorities/names/no93017967</marc:subfield>
      </marc:datafield>
      <marc:datafield tag="720" ind1=" " ind2=" ">
         <marc:subfield code="a">Sarson,
         Christopher</marc:subfield>
         <marc:subfield code="e">Producer</marc:subfield>
         <marc:subfield code="0">http://id.loc.gov/authorities/names/no2002112633</marc:subfield>
      </marc:datafield>
      <marc:datafield tag="260" ind1=" " ind2=" ">
         <marc:subfield code="c">1971-4-8</marc:subfield>
      </marc:datafield>
      <marc:datafield tag="260" ind1=" " ind2=" ">
         <marc:subfield code="c">1970-3-19</marc:subfield>
      </marc:datafield>
      <marc:datafield tag="260" ind1=" " ind2=" ">
         <marc:subfield code="c">1972-3-3</marc:subfield>
      </marc:datafield>
      <marc:datafield tag="520" ind1=" " ind2=" ">
         <marc:subfield code="a">From NET microfiche: General Description of Series: This program launches an
         eight-part series of plays under the title of "A Generation of leaves." It was announced by
         Jac Venza, executive producer of NET Playhouse. The weekly series includes original
         commissions, presentations by such distinguished American authors as Marya Mannes and
         Thornton Wilder, productions from NET affiliate stations, and the pick of foreign
         television programs focusing on this theme. 'There is a consistency of theme in these
         dramas from a wide variety of sources," says Venza. "The younger generation questions its
         inheritance, the older generation questions the values of the younger generation - and
         herein lies the communications gap. Which is, by the way, nothing new." Its central theme
         is the seemingly world-wide breach between youth and elders. The title is derived from
         Homer's "Iliad," Book VI: "A generation of men is like a generation of leaves: the wind
         scatters some leaves upon the ground, while others the burgeoning wood brings forth - and
         the season of spring comes on. So of men one generation ceases and another springs forth."
         "A Generation of leaves" opens February 19th with "America, Inc.," an NET-commissioned work
         produced at WGBH-TV, Boston, with a highly experimental format; includes two one-act plays
         by Thornton Wilder, dramas from the Canadian Broadcasting corporation, the British
         Broadcasting Corporation, north German Television and WQED, Pittsburgh; and concludes in
         April with NET"s production of "They," a TV adaptation by Marya Mannes of her novel
         dramatizing a near future ruled by the young. Some of the plays in this series can be
         described as "off-beat" or "experimental" while other are conventional drams. "America,
         Inc." is in the former category. Suggested Newspaper Listing: "Generation of Leaves" - an
         international series of dramas revolving around the growing rift between generations.
         "America, Inc."--the premiere program offers three clashing views of our nation today.
         Starring British actor David Silver and radio personality Jean Shepherd. Episode
         description: From NET microfiche, G: This passion play, based on the Gospels of Matthew,
         Mark, Luke, and John depicts events in the life of Christ, including the crucifixion and
         the resurrection. The unusual aspect is that the play is set to blues music. The play has
         previously been performed in the Boston area, and portions of it comprise a record on the
         Epic label titled "Night of the Blue Commission." The play was written by Tim Mayer, with
         music by Peter Ivers. From NET microfiche, J: This passion play, based on the Gospels of
         Matthew, Mark, Luke, and John depicts events in the life of Christ, including the
         crucifixion and the resurrection. The play written and directed by Tim Mayer, draws most of
         its dialogue from the King James Bible, but is performed in causal modern dress,
         accompanied by blues music, and set in the ghostly corridors of an abandoned warehouse in
         Boston to achieve special effects. Much of Peter Ivers' music and lyrics is recorded on a
         disc titled "Knight of the Blue Commission" on the Epic label. The performers are young
         professional actors and drama students. The role of Christ is played by Andreas Teuber "a
         young actor with a strong, sensitive face and rich voice who  brought intelligence and
         sensitivity to the role," according to the New York Times. Other important parts are played
         by Laura Esterman as Mary Magdalene, Steve Kaplan as Lazarus, and Asha Puthil, a young
         actress from India, as Salome.</marc:subfield>
      </marc:datafield>
      <marc:datafield tag="337" ind1=" " ind2=" ">
         <marc:subfield code="a">Moving Image</marc:subfield>
         <marc:subfield code="2">MAVIS media type controlled vocabulary</marc:subfield>
      </marc:datafield>
      <marc:datafield tag="024" ind1="8" ind2=" ">
         <marc:subfield code="a">2325163</marc:subfield>
         <marc:subfield code="2">MAVIS Title Number</marc:subfield>
      </marc:datafield>
      <marc:datafield tag="024" ind1="8" ind2=" ">
         <marc:subfield code="a">NPBS</marc:subfield>
         <marc:subfield code="2">NET/PBS NOLA</marc:subfield>
      </marc:datafield>
      <marc:datafield tag="024" ind1="8" ind2=" ">
         <marc:subfield code="a">11</marc:subfield>
         <marc:subfield code="2">NET/PBS number</marc:subfield>
      </marc:datafield>
      <marc:datafield tag="546" ind1=" " ind2=" ">
         <marc:subfield code="a">English</marc:subfield>
      </marc:datafield>
      <marc:datafield tag="653" ind1=" " ind2=" ">
         <marc:subfield code="a">Jesus Christ--Crucifixion</marc:subfield>
         <marc:subfield code="0">http://id.loc.gov/authorities/subjects/sh85070003</marc:subfield>
      </marc:datafield>
      <marc:datafield tag="653" ind1=" " ind2=" ">
         <marc:subfield code="a">Jesus Christ--Resurrection</marc:subfield>
         <marc:subfield code="0">http://id.loc.gov/authorities/subjects/sh85070108</marc:subfield>
      </marc:datafield>
      <marc:datafield tag="653" ind1=" " ind2=" ">
         <marc:subfield code="a">Jesus Christ</marc:subfield>
         <marc:subfield code="0">http://id.loc.gov/authorities/names/n79084784</marc:subfield>
      </marc:datafield>
      <marc:datafield tag="245" ind1="0" ind2="0">
         <marc:subfield code="a">NET playhouse. A generation of leaves. [No. 5],
         Jesus, a passion play for Americans.</marc:subfield>
         <marc:subfield code="b">National Educational Television production,
         produced through the facilities of WGBH, Boston ; producer, Christopher Sarson ; executive
         producer, Jac Venza ; directed and written by Tim Mayer, music by Peter Ivers.</marc:subfield>
      </marc:datafield>
      <marc:datafield tag="246" ind1="3" ind2="3">
         <marc:subfield code="a">A generation of leaves. [No. 5],
         Jesus, a passion play for Americans.</marc:subfield>
      </marc:datafield>
      <marc:datafield tag="246" ind1="3" ind2="3">
         <marc:subfield code="a">Jesus, a passion play for
         Americans.</marc:subfield>
      </marc:datafield>
      <marc:datafield tag="246" ind1="3" ind2="3">
         <marc:subfield code="a">Biography. [No. 11], Jesus: a
         passion play for Americans.</marc:subfield>
      </marc:datafield>
      <marc:datafield tag="246" ind1="3" ind2="3">
         <marc:subfield code="a">Biography #11. Jesus : a passion
         play for Americans (rpt.) (was PLAHSE. #181).</marc:subfield>
      </marc:datafield>
      <marc:datafield tag="246" ind1="3" ind2="3">
         <marc:subfield code="a">NET playhouse. [1970-03-19]. A generation of leaves.
         [No. 5], Jesus, a passion play for Americans.</marc:subfield>
      </marc:datafield>
      <marc:datafield tag="246" ind1="3" ind2="3">
         <marc:subfield code="a">NET playhouse. [No. 181], A generation of leaves.
         [No. 5], Jesus, a passion play for Americans.</marc:subfield>
      </marc:datafield>
      <marc:datafield tag="246" ind1="3" ind2="3">
         <marc:subfield code="a">NET playhouse biography. [1972-03-03]. Jesus, a
         passion play for Americans.</marc:subfield>
      </marc:datafield>
      <marc:datafield tag="246" ind1="3" ind2="3">
         <marc:subfield code="a">NET playhouse biography. [No. 11], Jesus, a passion
         play for Americans.</marc:subfield>
      </marc:datafield>
      <marc:datafield tag="246" ind1="3" ind2="3">
         <marc:subfield code="a">NET playhouse. [1971-04-08]. Jesus, a passion play
         for Americans.</marc:subfield>
      </marc:datafield>
      <marc:datafield tag="246" ind1="3" ind2="3">
         <marc:subfield code="a">NET playhouse. [No. 234], Jesus, a passion play for
         Americans.</marc:subfield>
      </marc:datafield>
      <marc:datafield tag="655" ind1=" " ind2="0">
         <marc:subfield code="a">Fiction television programs
         (lcgft)</marc:subfield>
         <marc:subfield code="0">http://id.loc.gov/authorities/genreForms/gf2011026252\n</marc:subfield>
      </marc:datafield>
      <marc:datafield tag="655" ind1=" " ind2="0">
         <marc:subfield code="a">Television musicals (lcgft)</marc:subfield>
         <marc:subfield code="0">http://id.loc.gov/authorities/genreForms/gf2011026666</marc:subfield>
      </marc:datafield>
      <marc:datafield tag="655" ind1=" " ind2="0">
         <marc:subfield code="a">Religious television programs
         (lcgft)</marc:subfield>
         <marc:subfield code="0">http://id.loc.gov/authorities/genreForms/gf2011026528\n</marc:subfield>
      </marc:datafield>
   </marc:record>