
   <marc:record>
      <marc:leader>      am         3u     </marc:leader>
      <marc:datafield tag="042" ind1=" " ind2=" ">
         <marc:subfield code="a">dc</marc:subfield>
      </marc:datafield>
      <marc:datafield tag="720" ind1=" " ind2=" ">
         <marc:subfield code="a">Gwynne,
         Fred</marc:subfield>
         <marc:subfield code="e">Cast/Actor</marc:subfield>
         <marc:subfield code="0">http://id.loc.gov/authorities/names/n79059901</marc:subfield>
      </marc:datafield>
      <marc:datafield tag="720" ind1=" " ind2=" ">
         <marc:subfield code="a">Hendra and Ullett</marc:subfield>
         <marc:subfield code="e">Cast/Actor</marc:subfield>
      </marc:datafield>
      <marc:datafield tag="720" ind1=" " ind2=" ">
         <marc:subfield code="a">Rose,
         George, 1920-1988</marc:subfield>
         <marc:subfield code="e">Cast/Actor</marc:subfield>
         <marc:subfield code="0">http://id.loc.gov/authorities/names/n81026233</marc:subfield>
      </marc:datafield>
      <marc:datafield tag="720" ind1=" " ind2=" ">
         <marc:subfield code="a">National Educational Television and Radio Center</marc:subfield>
         <marc:subfield code="e">Broadcaster</marc:subfield>
         <marc:subfield code="0">http://id.loc.gov/authorities/names/n80050382</marc:subfield>
      </marc:datafield>
      <marc:datafield tag="720" ind1=" " ind2=" ">
         <marc:subfield code="a">Kearney, Michael, 1955-</marc:subfield>
         <marc:subfield code="e">Cast/Actor</marc:subfield>
      </marc:datafield>
      <marc:datafield tag="720" ind1=" " ind2=" ">
         <marc:subfield code="a">Sternhagen, Frances</marc:subfield>
         <marc:subfield code="e">Cast/Actor</marc:subfield>
         <marc:subfield code="0">http://id.loc.gov/authorities/names/no90008373</marc:subfield>
      </marc:datafield>
      <marc:datafield tag="720" ind1=" " ind2=" ">
         <marc:subfield code="a">Brennan, Eileen</marc:subfield>
         <marc:subfield code="e">Cast/Actor</marc:subfield>
         <marc:subfield code="0">http://id.loc.gov/authorities/names/n85201908</marc:subfield>
      </marc:datafield>
      <marc:datafield tag="720" ind1=" " ind2=" ">
         <marc:subfield code="a">Landau,
         Jack</marc:subfield>
         <marc:subfield code="e">Director</marc:subfield>
         <marc:subfield code="0">http://id.loc.gov/authorities/names/n87914493</marc:subfield>
      </marc:datafield>
      <marc:datafield tag="720" ind1=" " ind2=" ">
         <marc:subfield code="a">National Educational Television and Radio Center</marc:subfield>
         <marc:subfield code="e">Production Company</marc:subfield>
         <marc:subfield code="0">http://id.loc.gov/authorities/names/n80050382</marc:subfield>
      </marc:datafield>
      <marc:datafield tag="720" ind1=" " ind2=" ">
         <marc:subfield code="a">Layton,
         Joe</marc:subfield>
         <marc:subfield code="e">Director</marc:subfield>
         <marc:subfield code="0">http://id.loc.gov/authorities/names/n86140014</marc:subfield>
      </marc:datafield>
      <marc:datafield tag="720" ind1=" " ind2=" ">
         <marc:subfield code="a">Venza,
         Jac</marc:subfield>
         <marc:subfield code="e">Producer</marc:subfield>
         <marc:subfield code="0">http://id.loc.gov/authorities/names/no93017967</marc:subfield>
      </marc:datafield>
      <marc:datafield tag="720" ind1=" " ind2=" ">
         <marc:subfield code="a">Wilder,
         Thornton</marc:subfield>
         <marc:subfield code="e">Writer</marc:subfield>
         <marc:subfield code="0">http://id.loc.gov/authorities/names/n79062874</marc:subfield>
      </marc:datafield>
      <marc:datafield tag="260" ind1=" " ind2=" ">
         <marc:subfield code="c">1970-4-2</marc:subfield>
      </marc:datafield>
      <marc:datafield tag="260" ind1=" " ind2=" ">
         <marc:subfield code="c">1967-12</marc:subfield>
      </marc:datafield>
      <marc:datafield tag="260" ind1=" " ind2=" ">
         <marc:subfield code="c">1969-4</marc:subfield>
      </marc:datafield>
      <marc:datafield tag="520" ind1=" " ind2=" ">
         <marc:subfield code="a">From NET microfiche: General Description of Series: This program launches an
         eight-part series of plays under the title of "A Generation of leaves." It was announced by
         Jac Venza, executive producer of NET Playhouse. The weekly series includes original
         commissions, presentations by such distinguished American authors as Marya Mannes and
         Thornton Wilder, productions from NET affiliate stations, and the pick of foreign
         television programs focusing on this theme. 'There is a consistency of theme in these
         dramas from a wide variety of sources," says Venza. "The younger generation questions its
         inheritance, the older generation questions the values of the younger generation - and
         herein lies the communications gap. Which is, by the way, nothing new." Its central theme
         is the seemingly world-wide breach between youth and elders. The title is derived from
         Homer's "Iliad," Book VI: "A generation of men is like a generation of leaves: the wind
         scatters some leaves upon the ground, while others the burgeoning wood brings forth - and
         the season of spring comes on. So of men one generation ceases and another springs forth."
         "A Generation of leaves" opens February 19th with "America, Inc.," an NET-commissioned work
         produced at WGBH-TV, Boston, with a highly experimental format; includes two one-act plays
         by Thornton Wilder, dramas from the Canadian Broadcasting corporation, the British
         Broadcasting Corporation, north German Television and WQED, Pittsburgh; and concludes in
         April with NET"s production of "They," a TV adaptation by Marya Mannes of her novel
         dramatizing a near future ruled by the young. Some of the plays in this series can be
         described as "off-beat" or "experimental" while other are conventional drams. "America,
         Inc." is in the former category. Suggested Newspaper Listing: "Generation of Leaves" - an
         international series of dramas revolving around the growing rift between generations.
         "America, Inc."--the premiere program offers three clashing views of our nation today.
         Starring British actor David Silver and radio personality Jean Shepherd. Episode
         description: From NET microfiche, G: "Infancy" and "Childhood," the first two works in a
         projected seven-play cycle, "The Seven Ages of Man," which Thornton Wilder began in 1961,
         were received with critical enthusiasm when they were first produced off Broadway in New
         York City. This production was their television premiere. Although these two one-act plays
         are written in a serio-comic vein, Wilder has employed the same theme of the University of
         Man which runs through so much of his work. Both plays are about the lack of communication
         between children and their parents, but the two plays differ distinctly in style and
         production technique. INFANCY: The first play, "Infancy" as its title implies, is about
         babies. It is set in the 1920s in Central Park in New York City and is performed in
         "Keystone Cop" style. Two adults in baby bonnets (played by the British comedy team Hendra
         an Ullet) are crammed into perambulators. They are being wheeled through the park on their
         daily airing, and the conversation of the babies with each other makes more sense than that
         of adults in their "grown up" talk. The Cast: Millie - Eileen Brennan Officer Avonzino -
         Fred Gwynne Mrs. Boker - Evelyn Russell Tommy -Tony Hendra Moe - Nic Ullet "Infancy" is a
         National Educational Television production. Producer: Jac Venza Director: Joe Layton
         Associate producer: Virginia Kassel Scenic designer: Tom John Costume designer: Theoni
         Aldredge CHILDHOOD: The action of "Childhood" takes place in the early 1930s at a home in
         the suburbs. It is a more gentle play than "Infancy," with its theme the lack of
         communication between generations. The three children in the family, indulging in a
         fantasy, imagine that their parents have died. They decide to take a trip to celebrate
         their freedom. But their surprise at seeing a bus driver who looks just like Daddy, and
         meeting a fellow passenger who looks just like Mother, is matched by their relief at being
         able to return to the security of their parents. The Cast: Mother - Frances Sternhagen
         Father - George Rose Caroline - Julie Herrod Dodie - Audrey Price Billie - Michael Kearney
         "Childhood" is a National Educational Television production. Co-Producers: Jack Landau and
         Jac Venza Director: Jack Landau Associate producer: Virginia Kassel Scenic designer: Tom
         John Costume designer: Frank Thompson</marc:subfield>
      </marc:datafield>
      <marc:datafield tag="024" ind1="8" ind2=" ">
         <marc:subfield code="a">2325367</marc:subfield>
         <marc:subfield code="2">MAVIS Title Number</marc:subfield>
      </marc:datafield>
      <marc:datafield tag="024" ind1="8" ind2=" ">
         <marc:subfield code="a">GLEV</marc:subfield>
         <marc:subfield code="2">NET/PBS NOLA</marc:subfield>
      </marc:datafield>
      <marc:datafield tag="024" ind1="8" ind2=" ">
         <marc:subfield code="a">106</marc:subfield>
         <marc:subfield code="2">NET/PBS number</marc:subfield>
      </marc:datafield>
      <marc:datafield tag="653" ind1=" " ind2=" ">
         <marc:subfield code="a">Parent and child</marc:subfield>
         <marc:subfield code="0">http://id.loc.gov/authorities/subjects/sh85097980</marc:subfield>
      </marc:datafield>
      <marc:datafield tag="653" ind1=" " ind2=" ">
         <marc:subfield code="a">Children</marc:subfield>
         <marc:subfield code="0">http://id.loc.gov/authorities/subjects/sh99004941</marc:subfield>
      </marc:datafield>
      <marc:datafield tag="653" ind1=" " ind2=" ">
         <marc:subfield code="a">Intergenerational
         communication</marc:subfield>
         <marc:subfield code="0">http://id.loc.gov/authorities/subjects/sh99013193</marc:subfield>
      </marc:datafield>
      <marc:datafield tag="653" ind1=" " ind2=" ">
         <marc:subfield code="a">Infants</marc:subfield>
         <marc:subfield code="0">http://id.loc.gov/authorities/subjects/sh85066022</marc:subfield>
      </marc:datafield>
      <marc:datafield tag="245" ind1="0" ind2="0">
         <marc:subfield code="a">NET playhouse. A generation of leaves. [No. 6],
         Infancy and childhood.</marc:subfield>
         <marc:subfield code="b">National Educational Television ; producer,
         Jac Venza ; written by Thornton Wilder.</marc:subfield>
      </marc:datafield>
      <marc:datafield tag="246" ind1="3" ind2="3">
         <marc:subfield code="a">A generation of leaves. [No. 6],
         Infancy and childhood.</marc:subfield>
      </marc:datafield>
      <marc:datafield tag="246" ind1="3" ind2="3">
         <marc:subfield code="a">Infancy and childhood.</marc:subfield>
      </marc:datafield>
      <marc:datafield tag="246" ind1="3" ind2="3">
         <marc:subfield code="a">NET playhouse. [No. 182]. A generation of leaves.
         [No. 6], Infancy and childhood.</marc:subfield>
      </marc:datafield>
      <marc:datafield tag="246" ind1="3" ind2="3">
         <marc:subfield code="a">Childhood.</marc:subfield>
      </marc:datafield>
      <marc:datafield tag="246" ind1="3" ind2="3">
         <marc:subfield code="a">Infancy.</marc:subfield>
      </marc:datafield>
      <marc:datafield tag="246" ind1="3" ind2="3">
         <marc:subfield code="a">NET playhouse. [1970-04-02]. A generation of leaves.
         [No. 6], Infancy and childhood.</marc:subfield>
      </marc:datafield>
      <marc:datafield tag="655" ind1=" " ind2="0">
         <marc:subfield code="a">Fiction television programs
         (lcgft)</marc:subfield>
         <marc:subfield code="0">http://id.loc.gov/authorities/genreForms/gf2011026252\n</marc:subfield>
      </marc:datafield>
      <marc:datafield tag="655" ind1=" " ind2="0">
         <marc:subfield code="a">Televised plays (lcgft)</marc:subfield>
         <marc:subfield code="0">http://id.loc.gov/authorities/genreForms/gf2011026647</marc:subfield>
      </marc:datafield>
   </marc:record>