
   <marc:record>
      <marc:leader>      am         3u     </marc:leader>
      <marc:datafield tag="042" ind1=" " ind2=" ">
         <marc:subfield code="a">dc</marc:subfield>
      </marc:datafield>
      <marc:datafield tag="720" ind1=" " ind2=" ">
         <marc:subfield code="a">National Educational Television and Radio Center</marc:subfield>
         <marc:subfield code="e">Broadcaster</marc:subfield>
         <marc:subfield code="0">http://id.loc.gov/authorities/names/n80050382</marc:subfield>
      </marc:datafield>
      <marc:datafield tag="260" ind1=" " ind2=" ">
         <marc:subfield code="c">1970-4-2</marc:subfield>
      </marc:datafield>
      <marc:datafield tag="520" ind1=" " ind2=" ">
         <marc:subfield code="a">From NET microfiche, G: "Infancy" and "Childhood," the first two works in a
         projected seven-play cycle, "The Seven Ages of Man," which Thornton Wilder began in 1961,
         were received with critical enthusiasm when they were first produced off Broadway in New
         York City. This production was their television premiere. Although these two one-act plays
         are written in a serio-comic vein, Wilder has employed the same theme of the University of
         Man which runs through so much of his work. Both plays are about the lack of communication
         between children and their parents, but the two plays differ distinctly in style and
         production technique. INFANCY: The first play, "Infancy" as its title implies, is about
         babies. It is set in the 1920s in Central Park in New York City and is performed in
         "Keystone Cop" style. Two adults in baby bonnets (played by the British comedy team Hendra
         an Ullet) are crammed into perambulators. They are being wheeled through the park on their
         daily airing, and the conversation of the babies with each other makes more sense than that
         of adults in their "grown up" talk. "Infancy" is a National Educational Television
         production. Producer: Jac Venza Director: Joe Layton Associate producer: Virginia Kassel
         Scenic designer: Tom John Costume designer: Theoni Aldredge CHILDHOOD: The action of
         "Childhood" takes place in the early 1930s at a home in the suburbs. It is a more gentle
         play than "Infancy," with its theme the lack of communication between generations. The
         three children in the family, indulging in a fantasy, imagine that their parents have died.
         They decide to take a trip to celebrate their freedom. But their surprise at seeing a bus
         driver who looks just like Daddy, and meeting a fellow passenger who looks just like
         Mother, is matched by their relief at being able to return to the security of their
         parents. "Childhood" is a National Educational Television production. Co-Producers: Jack
         Landau and Jac Venza Director: Jack Landau Associate producer: Virginia Kassel Scenic
         designer: Tom John Costume designer: Frank Thompson Filler information: The filler for this
         program is titled "Les Mistons '67" ("The Brats '67") by noted French filmmaker Francois
         Truffaut. It is approximately 20 minutes long and it is the same filler used when "Infancy
         and Chldhood" was aired for the second time on NET Playhouse in April 1969. "Les Mistons"
         is about a group of young boys in France who have a crush on an older girl. The film has
         English subtitles, althought there is little dialogue. Some of Truffaut's best known films
         are "Shoot the Piano Player," "The 400 Blows," and "Stolen Kisses."</marc:subfield>
      </marc:datafield>
      <marc:datafield tag="337" ind1=" " ind2=" ">
         <marc:subfield code="a">Moving Image</marc:subfield>
         <marc:subfield code="2">MAVIS media type controlled vocabulary</marc:subfield>
      </marc:datafield>
      <marc:datafield tag="024" ind1="8" ind2=" ">
         <marc:subfield code="a">2325375</marc:subfield>
         <marc:subfield code="2">MAVIS Title Number</marc:subfield>
      </marc:datafield>
      <marc:datafield tag="546" ind1=" " ind2=" ">
         <marc:subfield code="a">English</marc:subfield>
      </marc:datafield>
      <marc:datafield tag="787" ind1="0" ind2=" ">
         <marc:subfield code="w">2325367</marc:subfield>
         <marc:subfield code="n">MAVIS id number</marc:subfield>
         <marc:subfield code="m">Content 1</marc:subfield>
      </marc:datafield>
      <marc:datafield tag="787" ind1="0" ind2=" ">
         <marc:subfield code="w">143645</marc:subfield>
         <marc:subfield code="n">MAVIS id number</marc:subfield>
         <marc:subfield code="m">Content 2</marc:subfield>
      </marc:datafield>
      <marc:datafield tag="245" ind1="0" ind2="0">
         <marc:subfield code="a">[NET playhouse. A generation of leaves. [No. 6],
         Infancy and childhood ; Les mistons].</marc:subfield>
      </marc:datafield>
      <marc:datafield tag="246" ind1="3" ind2="3">
         <marc:subfield code="a">Generation of leaves #6. Infancy
         &amp; childhood.</marc:subfield>
      </marc:datafield>
   </marc:record>