
   <marc:record>
      <marc:leader>      am         3u     </marc:leader>
      <marc:datafield tag="042" ind1=" " ind2=" ">
         <marc:subfield code="a">dc</marc:subfield>
      </marc:datafield>
      <marc:datafield tag="720" ind1=" " ind2=" ">
         <marc:subfield code="a">Merrill, Gary</marc:subfield>
         <marc:subfield code="e">Cast/Actor</marc:subfield>
         <marc:subfield code="0">http://id.loc.gov/authorities/names/n87930299</marc:subfield>
      </marc:datafield>
      <marc:datafield tag="720" ind1=" " ind2=" ">
         <marc:subfield code="a">Wiseman, Joseph</marc:subfield>
         <marc:subfield code="e">Cast/Actor</marc:subfield>
         <marc:subfield code="0">http://id.loc.gov/authorities/names/no99041854</marc:subfield>
      </marc:datafield>
      <marc:datafield tag="720" ind1=" " ind2=" ">
         <marc:subfield code="a">National Educational Television and Radio Center</marc:subfield>
         <marc:subfield code="e">Broadcaster</marc:subfield>
         <marc:subfield code="0">http://id.loc.gov/authorities/names/n80050382</marc:subfield>
      </marc:datafield>
      <marc:datafield tag="720" ind1=" " ind2=" ">
         <marc:subfield code="a">Mannes, Marya</marc:subfield>
         <marc:subfield code="e">Adapter/Dramatization</marc:subfield>
         <marc:subfield code="0">http://id.loc.gov/authorities/names/n85186510</marc:subfield>
      </marc:datafield>
      <marc:datafield tag="720" ind1=" " ind2=" ">
         <marc:subfield code="a">Skinner, Cornelia Otis</marc:subfield>
         <marc:subfield code="e">Cast/Actor</marc:subfield>
         <marc:subfield code="0">http://id.loc.gov/authorities/names/n50053317</marc:subfield>
      </marc:datafield>
      <marc:datafield tag="720" ind1=" " ind2=" ">
         <marc:subfield code="a">Mathews, Carmen</marc:subfield>
         <marc:subfield code="e">Cast/Actor</marc:subfield>
         <marc:subfield code="0">http://id.loc.gov/authorities/names/n85378882</marc:subfield>
      </marc:datafield>
      <marc:datafield tag="720" ind1=" " ind2=" ">
         <marc:subfield code="a">Gilford, Jack</marc:subfield>
         <marc:subfield code="e">Cast/Actor</marc:subfield>
         <marc:subfield code="0">http://id.loc.gov/authorities/names/n89643472</marc:subfield>
      </marc:datafield>
      <marc:datafield tag="720" ind1=" " ind2=" ">
         <marc:subfield code="a">National Educational Television and Radio Center</marc:subfield>
         <marc:subfield code="e">Production Company</marc:subfield>
         <marc:subfield code="0">http://id.loc.gov/authorities/names/n80050382</marc:subfield>
      </marc:datafield>
      <marc:datafield tag="720" ind1=" " ind2=" ">
         <marc:subfield code="a">Venza, Jac</marc:subfield>
         <marc:subfield code="e">Executive Producer</marc:subfield>
         <marc:subfield code="0">http://id.loc.gov/authorities/names/no93017967</marc:subfield>
      </marc:datafield>
      <marc:datafield tag="720" ind1=" " ind2=" ">
         <marc:subfield code="a">Mannes, Marya</marc:subfield>
         <marc:subfield code="e">Author/Based on</marc:subfield>
         <marc:subfield code="0">http://id.loc.gov/authorities/names/n85186510</marc:subfield>
      </marc:datafield>
      <marc:datafield tag="720" ind1=" " ind2=" ">
         <marc:subfield code="a">Kuney,
         Jack</marc:subfield>
         <marc:subfield code="e">Producer</marc:subfield>
         <marc:subfield code="0">http://id.loc.gov/authorities/names/n88298848</marc:subfield>
      </marc:datafield>
      <marc:datafield tag="260" ind1=" " ind2=" ">
         <marc:subfield code="c">1970-4-16</marc:subfield>
      </marc:datafield>
      <marc:datafield tag="260" ind1=" " ind2=" ">
         <marc:subfield code="c">1971-3-25</marc:subfield>
      </marc:datafield>
      <marc:datafield tag="520" ind1=" " ind2=" ">
         <marc:subfield code="a">From NET microfiche: General Description of Series: This program launches an
         eight-part series of plays under the title of "A Generation of leaves." It was announced by
         Jac Venza, executive producer of NET Playhouse. The weekly series includes original
         commissions, presentations by such distinguished American authors as Marya Mannes and
         Thornton Wilder, productions from NET affiliate stations, and the pick of foreign
         television programs focusing on this theme. 'There is a consistency of theme in these
         dramas from a wide variety of sources," says Venza. "The younger generation questions its
         inheritance, the older generation questions the values of the younger generation - and
         herein lies the communications gap. Which is, by the way, nothing new." Its central theme
         is the seemingly world-wide breach between youth and elders. The title is derived from
         Homer's "Iliad," Book VI: "A generation of men is like a generation of leaves: the wind
         scatters some leaves upon the ground, while others the burgeoning wood brings forth - and
         the season of spring comes on. So of men one generation ceases and another springs forth."
         "A Generation of leaves" opens February 19th with "America, Inc.," an NET-commissioned work
         produced at WGBH-TV, Boston, with a highly experimental format; includes two one-act plays
         by Thornton Wilder, dramas from the Canadian Broadcasting corporation, the British
         Broadcasting Corporation, north German Television and WQED, Pittsburgh; and concludes in
         April with NET"s production of "They," a TV adaptation by Marya Mannes of her novel
         dramatizing a near future ruled by the young. Some of the plays in this series can be
         described as "off-beat" or "experimental" while other are conventional drams. "America,
         Inc." is in the former category. Suggested Newspaper Listing: "Generation of Leaves" - an
         international series of dramas revolving around the growing rift between generations.
         "America, Inc."--the premiere program offers three clashing views of our nation today.
         Starring British actor David Silver and radio personality Jean Shepherd. From NET
         microfiche, N: "A Generation of Leaves" ends on the frightening note struck by Marya Mannes
         in her novel, "They." NET commissioned Ms Mannes and Charles LeMay to adapt "They" for
         television. It will be produced in New York by Jack Kuney. "They" is set 20 years hence
         when a group of celebrated artists, over forty years old, have been exiled to live out
         their lives in isolation from "They," the young who have taken over the world. Each artist
         expresses his own personal credo; each one laments what is lost to his particular art in
         today's rush to embrace the youth cult. As a time capsule for unknown future generations,
         the doomed artists leave a testament in which they reaffirm their belief in traditional
         standards of excellence and in the cherished values of civilization. From NET microfiche,
         T: This final program in the "Generation of Leaves" series is an adaptation of Marya
         Mannes' novel, "They," published by Doubleday in October 1968. It is an original NET
         Playhouse production and features an impressive list of veteran performers. The story takes
         place in the year 1990 in and around a beachfront home in a deserted area somewhere on the
         Northeastern coast of the U.S. The inhabitants of this home are five people in their
         sixties who have been exiled from civilization because of their age. For the young are in
         control of the world, and most people over 40 are sent to special camps where they are
         expected to take their own lives when they become seriously ill or reach the age of 65,
         whichever occurs first. Yet these five have been treated somewhat differently. Because they
         were famous in the arts before the young took over they have been permitted to choose exile
         with each other rather than go to the camps. The same rules of self-extermination apply,
         and whoever disregards these rules is put to death anyway. The exiles manage to find some
         contentment in being able to live together, sharing as they do, a common outlook. But
         essentially they live in anguish, not only because of their isolation, but because of what
         has happened to their respective arts in the new world. As a representative from the year
         1990 explains: "Individual and subjective criticism in all the arts has been supplanted by
         our infallible computer value scales." Art, in other words, has been totally
         depersonalized. Eventually, the time appears to have come for one of the exiles, Barney, to
         take his life or be taken from his friends and put to death. The others decide that instead
         of letting him be taken away, they will commit mass suicide, and after drugging themselves
         they are all killed when the house is set afire. But unknown to them, the government had
         been toppled some weeks before and the laws regarding age had been repealed. Cornelia Otis
         Skinner plays Kate, a novelist, who has kept a written record of the events at her place of
         exile; Gary Merrill portrays Barney, a painter; Carmen Mathews is Annie, Barney's wife, and
         a former model; Jack Gilford plays. Joey a songwriter; and Joseph Wiseman is Lev, an
         erstwhile orchestra conductor. There is one other important part in this play, that of
         Michael, a young mute who comes upon the exiles under mysterious circumstances and lives
         with them until the suicide, finally setting fire to the house in accordance with their
         wishes. Robert McLane has been cast in the part of Michael. The play will be taped on
         location later this month at a house designed by architect Stanford White in Bridgehampton
         on the south shore of Long Island, N.Y. Suggested Newspaper Listing: "They" Cornelia Otis
         Skinner and Carmen Mathews head the cast in this adaptation of Marya Mannes' novel about a
         world in which the young control everything and old people are herded into camps to await
         death. Also starring Gary Merrill, Jack Gilford, and Joseph Wiseman. NOTE: Aggravation of a
         back injury has forced Maureen O'Sullivan to drop out of the cast of "They," an NET
         Playhouse production scheduled for airing on April 16, 1970 (in New York, April 17). Miss
         O'Sullivan's role in the play has been filled by veteran stage and television actress
         Carmen Mathews. Additional information on Carmen Mathews: Miss Mathews, a native of
         Philadelphia, began her stage career in the early 1940's after having attended the Royal
         Academy of Dramatic Art in London. Her Broadway credits include "Richard II," 'The Moon is
         Down," "The Cherry Orchard," "Man and Superman," and "Candide," and she has appeared in the
         films "A Rage to Live" and 'Rabbit Run." Her TV credits include "The FBI" and "Crisis
         Clinic." Additional Information on Cornelia Otis Skinner: Miss Skinner, daughter of the
         late actor Otis Skinner, is known not only as one of the great stars of Broadway, but also
         as a playwright and author of such non-fiction as the Sarah Bernhardt biography "Madame
         Sarah." She is co-author of the popular "Our Hearts Were Young and Gay," and has written
         such famous humorous essay collections as "The Ape in Me," "Bottoms Up," and "Nuts in May."
         Her greatest Broadway successes include performances in Wilde's "Lady Windermere's Fan,"
         Lillian Hellman's "The Searching Wind," Shaw's "Major Barbara," and in a play which she
         co-authored with Samuel Taylor, "The Pleasure of His Company." On radio she was heard for
         several seasons in the popular "William and Mary" series. Miss Skinner studied classical
         and modern acting in Paris before returning home to America to take her first professional
         role - a small part in Blasco Ibanez' "Blood and Sand," in which her father was starring.
         After this engagement she went off on her own accepting secondary roles in a succession of
         plays, including "The Wild Wescotts" and "Will Shakespeare." Then she began writing
         character sketches which she performed solo on tours in the U.S. and Canada. Encouraged by
         the popularity of these sketches, she wrote "The Wives of Henry VIII," in which she
         portrays each of Henry's six queens. The work was first performed in England where it was
         an instant success and established her as a performer of international stature. Additional
         Information on Jack Gilford: Gilford, perhaps best known for his stage and film role in "A
         Funny Thing Happened on the Way to the Forum," also counts among his Broadway credits the
         prize-winning musical "Cabaret," in which he starred (1967-68), "Romanoff and Juliet,"
         "Once Upon a Mattress," "The Diary of Anne Frank," and "The Tenth Man." Among his
         better-known films are "Enter Laughing" (1967), in which he co-starred with Elaine May,
         Shelley Winters, and Jose Ferrer, "Who's Minding the Mint" (1967), "The Incident" (1968),
         and "The Fixer" (1968). In 1950, Gilford set a precedent by becoming the first non-singing
         performer to play an important speaking role with the Metropolitan opera when he portrayed
         the comical Frosch, a drunken jailer, in Johann Strauss' "Die Fledermaus." Born on New
         York's lower East Side and raised in Brooklyn, Gilford began in show business by enrolling
         in amateur nights and writing his own material which consisted of imitations of Rudy
         Vallee, Laurel and Kardy, George Jessel, and split-pea soup coming to a furious boil. He
         then played vaudeville and night clubs all over the United States. He has also appeared on
         all the major television shows. Additional Information on Gary Merrill: Merrill, a native
         of Hartford, Conn., is perhaps best remembered for his stage portrayal of the persistent
         reporter who makes trouble for Judy Holliday's gangster boyfriend in "Born Yesterday." This
         success led him to a seven-year contract with Darryl F. Zanuck, resulting in such acclaimed
         films as "All About Eve," "Twelve O'Clock High," and "Decision Before Dawn." Merrill began
         his career on the stage, with his first important performances coming in "Brother Rat" on a
         national tour and in "Morning Star" on Broadway. In the meantime, he played roles in radio
         soap operas and other dramatic series, including "Young Doctor Malone," "The Right to
         Happiness," "Gang Busters," and "Counterspy." Merrill recently toured Florida in a
         production of Arthur Miller's "The Price." A resident of a suburb of Portland, Maine,
         Merrill now enjoys reading the poetry of Frost and Sandburg to students in the Maine public
         school system. Additional Information on Joseph Wiseman: Joseph Wiseman, better known to
         millions of James Bond fans as the diabolical "Dr. No," is one of the stars who will play
         leading roles in the NET Playhouse adaptation of Marya Mannes' novel, "They." Wiseman, a
         native of Montreal who grew up mostly in Detroit, has a long list of stage, screen and TV
         credits both in the U.S. and Canada, and has also appeared on the London stage. Some of his
         best known movies, besides "Dr. No," are "Detective Story," in which he had performed on
         Broadway, "Viva Zapata," "The Unforgiven," "Bye, Bye Braverman," and "The Night They Raided
         Minsky's." He made his Broadway debut in support of Raymond Massey in Robert Sherwood's
         "Abe Lincoln in Illinois." Subsequently, he appeared with Helen Hayes in "Candle in the
         Wind," with Ingrid Bergman in "Joan of Lorraine," with Louis Calhern in "King Lear," and
         with Katherine Cornell in "The Three Sisters," "Anthony and Cleopatra," and "That Lady."
         Wiseman was a member of the original Lincoln Center (N.Y.) Repertory Company, with which he
         created the roles of LeDuc in "Incident at Vichy" and Chu Yin in "Marco Millions." On the
         Los Angeles stage he played the father in The Theatre Group production of Pirandello's "Six
         Characters in Search of an Author." On TV Wiseman has appeared in "Producer's Showcase,"
         "Desilu Playhouse," "Kraft Theatre," "Twilight Zone," and "The
         Untouchables."</marc:subfield>
      </marc:datafield>
      <marc:datafield tag="337" ind1=" " ind2=" ">
         <marc:subfield code="a">Moving Image</marc:subfield>
         <marc:subfield code="2">MAVIS media type controlled vocabulary</marc:subfield>
      </marc:datafield>
      <marc:datafield tag="024" ind1="8" ind2=" ">
         <marc:subfield code="a">2325178</marc:subfield>
         <marc:subfield code="2">MAVIS Title Number</marc:subfield>
      </marc:datafield>
      <marc:datafield tag="024" ind1="8" ind2=" ">
         <marc:subfield code="a">NETP</marc:subfield>
         <marc:subfield code="2">NET/PBS NOLA</marc:subfield>
      </marc:datafield>
      <marc:datafield tag="024" ind1="8" ind2=" ">
         <marc:subfield code="a">232</marc:subfield>
         <marc:subfield code="2">NET/PBS number</marc:subfield>
      </marc:datafield>
      <marc:datafield tag="546" ind1=" " ind2=" ">
         <marc:subfield code="a">English</marc:subfield>
      </marc:datafield>
      <marc:datafield tag="653" ind1=" " ind2=" ">
         <marc:subfield code="a">Killing of the elderly</marc:subfield>
         <marc:subfield code="0">http://id.loc.gov/authorities/subjects/sh85002142</marc:subfield>
      </marc:datafield>
      <marc:datafield tag="653" ind1=" " ind2=" ">
         <marc:subfield code="a">Older people</marc:subfield>
         <marc:subfield code="0">http://id.loc.gov/authorities/subjects/sh85002087</marc:subfield>
      </marc:datafield>
      <marc:datafield tag="245" ind1="0" ind2="0">
         <marc:subfield code="a">NET playhouse. A generation of leaves. [No. 8],
         They.</marc:subfield>
         <marc:subfield code="b">National Educational Television production ;
         producer, Jack Kuney ; executive producer, Jac Venza ; adapted from Marya Mannes' novel,
         "They" by Marya Mannes and Charles LeMay.</marc:subfield>
      </marc:datafield>
      <marc:datafield tag="246" ind1="3" ind2="3">
         <marc:subfield code="a">A generation of leaves. [No. 8],
         They.</marc:subfield>
      </marc:datafield>
      <marc:datafield tag="246" ind1="3" ind2="3">
         <marc:subfield code="a">They.</marc:subfield>
      </marc:datafield>
      <marc:datafield tag="246" ind1="3" ind2="3">
         <marc:subfield code="a">NET playhouse. [1970-04-16]. A generation of leaves.
         [No. 8], They.</marc:subfield>
      </marc:datafield>
      <marc:datafield tag="246" ind1="3" ind2="3">
         <marc:subfield code="a">NET playhouse. [No. 184], A generation of leaves.
         [No. 8], They.</marc:subfield>
      </marc:datafield>
      <marc:datafield tag="246" ind1="3" ind2="3">
         <marc:subfield code="a">NET playhouse. [No. 232], They.</marc:subfield>
      </marc:datafield>
      <marc:datafield tag="246" ind1="3" ind2="3">
         <marc:subfield code="a">NET playhouse. [1971-03-25]. They.</marc:subfield>
      </marc:datafield>
      <marc:datafield tag="655" ind1=" " ind2="0">
         <marc:subfield code="a">Fiction television programs
         (lcgft)</marc:subfield>
         <marc:subfield code="0">http://id.loc.gov/authorities/genreForms/gf2011026252\n</marc:subfield>
      </marc:datafield>
   </marc:record>