
   <marc:record>
      <marc:leader>      am         3u     </marc:leader>
      <marc:datafield tag="042" ind1=" " ind2=" ">
         <marc:subfield code="a">dc</marc:subfield>
      </marc:datafield>
      <marc:datafield tag="720" ind1=" " ind2=" ">
         <marc:subfield code="a">National Educational Television and Radio Center</marc:subfield>
         <marc:subfield code="e">Broadcaster</marc:subfield>
         <marc:subfield code="0">http://id.loc.gov/authorities/names/n80050382</marc:subfield>
      </marc:datafield>
      <marc:datafield tag="720" ind1=" " ind2=" ">
         <marc:subfield code="a">Ingham,
         Barrie</marc:subfield>
         <marc:subfield code="e">Cast/Actor</marc:subfield>
         <marc:subfield code="0">http://id.loc.gov/authorities/names/nr94012146</marc:subfield>
      </marc:datafield>
      <marc:datafield tag="720" ind1=" " ind2=" ">
         <marc:subfield code="a">Rodway,
         Norman</marc:subfield>
         <marc:subfield code="e">Cast/Actor</marc:subfield>
         <marc:subfield code="0">http://id.loc.gov/authorities/names/no2002091893</marc:subfield>
      </marc:datafield>
      <marc:datafield tag="720" ind1=" " ind2=" ">
         <marc:subfield code="a">Andrews,
         Roger</marc:subfield>
         <marc:subfield code="e">Designer</marc:subfield>
         <marc:subfield code="0">http://id.loc.gov/authorities/names/nr92024140</marc:subfield>
      </marc:datafield>
      <marc:datafield tag="720" ind1=" " ind2=" ">
         <marc:subfield code="a">Gearon,
         Valerie</marc:subfield>
         <marc:subfield code="e">Cast/Actor</marc:subfield>
         <marc:subfield code="0">http://id.loc.gov/authorities/names/no2008038086</marc:subfield>
      </marc:datafield>
      <marc:datafield tag="720" ind1=" " ind2=" ">
         <marc:subfield code="a">Harris,
         Max</marc:subfield>
         <marc:subfield code="e">Music</marc:subfield>
         <marc:subfield code="0">http://id.loc.gov/authorities/names/n85105485</marc:subfield>
      </marc:datafield>
      <marc:datafield tag="720" ind1=" " ind2=" ">
         <marc:subfield code="a">British Broadcasting Corporation</marc:subfield>
         <marc:subfield code="e">Production Company</marc:subfield>
         <marc:subfield code="0">http://id.loc.gov/authorities/names/n79074359</marc:subfield>
      </marc:datafield>
      <marc:datafield tag="720" ind1=" " ind2=" ">
         <marc:subfield code="a">Hussein,
         Waris</marc:subfield>
         <marc:subfield code="e">Director</marc:subfield>
         <marc:subfield code="0">http://id.loc.gov/authorities/names/n88051133</marc:subfield>
      </marc:datafield>
      <marc:datafield tag="720" ind1=" " ind2=" ">
         <marc:subfield code="a">Chessid, Kay</marc:subfield>
         <marc:subfield code="e">Producer</marc:subfield>
      </marc:datafield>
      <marc:datafield tag="720" ind1=" " ind2=" ">
         <marc:subfield code="a">Luke,
         Peter</marc:subfield>
         <marc:subfield code="e">Producer</marc:subfield>
         <marc:subfield code="0">http://id.loc.gov/authorities/names/n50039174</marc:subfield>
      </marc:datafield>
      <marc:datafield tag="720" ind1=" " ind2=" ">
         <marc:subfield code="a">Sansom, William</marc:subfield>
         <marc:subfield code="e">Author/Based on</marc:subfield>
         <marc:subfield code="0">http://id.loc.gov/authorities/names/n81012095</marc:subfield>
      </marc:datafield>
      <marc:datafield tag="260" ind1=" " ind2=" ">
         <marc:subfield code="c">1969-1-3</marc:subfield>
      </marc:datafield>
      <marc:datafield tag="520" ind1=" " ind2=" ">
         <marc:subfield code="a">From NET microfiche: John Gilliam is a serious young composer who, to earn a
         living, plays a piano in a night club. There he meets Mary O'Hara who has the charming but
         unstable ne'er -do-well Colin in tow. Colin gets drunk and John helps Mary to take him
         home. John reluctantly falls in love with Mary. Although he knows that Mary and Colin are
         literally "just good friends," he has doubts about their relationship since Colin is
         constantly getting into trouble and being helped out of it by Mary. It is about as much as
         John can take when Colin is thrown out of his lodgings and Mary gives him asylum for the
         night in her apartment. When John persuades Mary to go away with him for a few days'
         vacation, they get a letter saying that Colin is in trouble again. This time it is serious
         for he has burgled a mutual friends' apartment. Colin soon arrives in person and ruins
         their idyll. Desperate and drunk, he goes for a swim and gets into difficulties. John's
         first reaction is to let him drown, but humanity prevails and he pulls Colin to safety.
         Back at the hotel the police are waiting. Alone at last on the train back to London, Mary
         accepts John's offer of marriage, but soon they realize that Colin will be with them
         forever. The Cast: John - Norman Rodway Belle - June Ellis Colin - Barrie Ingham Mary -
         Valerie Gearon Andrew - Sidney Bough Otto Adrian - Milo Sperber Myra Adrian - Hana Pravada
         Raoul - Roy Patrick Eileen - Jo Rowbottom 1st Youth - Douglas Ditta 2nd Youth - Anton Darby
         Detective - John Baker NET Playhouse - "A Man on Her Back" is a National Educational
         Television presentation produced by Peter Luke for the British Broadcasting Corporation. It
         was adapted by Mr. Luke from a novel by William Sansom. Director: Warris Hussein; designer:
         Roger Andrews; music by Max Harris. NET producer: Kay Chessid Filler Information: The
         filler for NET Playhouse - "A Man on Her Back" is a black and white short form Poland
         without dialogue entitled "Lines and Dots," which runs 6:17. It is a play of graphic forms,
         dashes and dots which appear among the signs of the Morse alphabet causing havoc and
         eventually destruction of the alphabet. The lines and dots combine and recombine in a
         variety of patterns, some totally abstract, others suggesting animals and people. The
         victorious signs soon start fighting among each other. In the course of this conflict, the
         dots and dashes suggest a line of planes with bombs dropping from them, and the curving
         signs are destroyed.</marc:subfield>
      </marc:datafield>
      <marc:datafield tag="337" ind1=" " ind2=" ">
         <marc:subfield code="a">Moving Image</marc:subfield>
         <marc:subfield code="2">MAVIS media type controlled vocabulary</marc:subfield>
      </marc:datafield>
      <marc:datafield tag="024" ind1="8" ind2=" ">
         <marc:subfield code="a">2337005</marc:subfield>
         <marc:subfield code="2">MAVIS Title Number</marc:subfield>
      </marc:datafield>
      <marc:datafield tag="024" ind1="8" ind2=" ">
         <marc:subfield code="a">NPMB</marc:subfield>
         <marc:subfield code="2">NET/PBS NOLA</marc:subfield>
      </marc:datafield>
      <marc:datafield tag="024" ind1="8" ind2=" ">
         <marc:subfield code="a">0</marc:subfield>
         <marc:subfield code="2">NET/PBS number</marc:subfield>
      </marc:datafield>
      <marc:datafield tag="024" ind1="8" ind2=" ">
         <marc:subfield code="a">144?</marc:subfield>
         <marc:subfield code="2">Episode Number</marc:subfield>
      </marc:datafield>
      <marc:datafield tag="546" ind1=" " ind2=" ">
         <marc:subfield code="a">English</marc:subfield>
      </marc:datafield>
      <marc:datafield tag="653" ind1=" " ind2=" ">
         <marc:subfield code="a">Triangles (Interpersonal
         relations)</marc:subfield>
         <marc:subfield code="0">http://id.loc.gov/authorities/subjects/sh96008285</marc:subfield>
      </marc:datafield>
      <marc:datafield tag="245" ind1="0" ind2="0">
         <marc:subfield code="a">NET playhouse. A man on her back.</marc:subfield>
         <marc:subfield code="b">BBC ; producers, Peter Luke and Kay Chessid ;
         director, Waris Hussein.</marc:subfield>
      </marc:datafield>
      <marc:datafield tag="246" ind1="3" ind2="3">
         <marc:subfield code="a">A man on her back.</marc:subfield>
      </marc:datafield>
      <marc:datafield tag="246" ind1="3" ind2="3">
         <marc:subfield code="a">NET playhouse. Man on her
         back.</marc:subfield>
      </marc:datafield>
      <marc:datafield tag="246" ind1="3" ind2="3">
         <marc:subfield code="a">NET playhouse. [No. 144], A man on her
         back.</marc:subfield>
      </marc:datafield>
      <marc:datafield tag="655" ind1=" " ind2="0">
         <marc:subfield code="a">Television adaptations
         (lcgft)</marc:subfield>
         <marc:subfield code="0">http://id.loc.gov/authorities/genreForms/gf2011026653\n</marc:subfield>
      </marc:datafield>
      <marc:datafield tag="655" ind1=" " ind2="0">
         <marc:subfield code="a">Fiction television programs
         (lcgft)</marc:subfield>
         <marc:subfield code="0">http://id.loc.gov/authorities/genreForms/gf2011026252\n</marc:subfield>
      </marc:datafield>
   </marc:record>