
   <marc:record>
      <marc:leader>      am         3u     </marc:leader>
      <marc:datafield tag="042" ind1=" " ind2=" ">
         <marc:subfield code="a">dc</marc:subfield>
      </marc:datafield>
      <marc:datafield tag="720" ind1=" " ind2=" ">
         <marc:subfield code="a">National Educational Television and Radio Center</marc:subfield>
         <marc:subfield code="e">Broadcaster</marc:subfield>
         <marc:subfield code="0">http://id.loc.gov/authorities/names/n80050382</marc:subfield>
      </marc:datafield>
      <marc:datafield tag="720" ind1=" " ind2=" ">
         <marc:subfield code="a">MacLeish, Archibald</marc:subfield>
         <marc:subfield code="e">Appearing</marc:subfield>
         <marc:subfield code="0">http://id.loc.gov/authorities/names/n80015459</marc:subfield>
      </marc:datafield>
      <marc:datafield tag="720" ind1=" " ind2=" ">
         <marc:subfield code="a">Mahard, Francis</marc:subfield>
         <marc:subfield code="e">Set Designer/Set Decorator</marc:subfield>
         <marc:subfield code="0">http://id.loc.gov/authorities/names/no2014033197</marc:subfield>
      </marc:datafield>
      <marc:datafield tag="720" ind1=" " ind2=" ">
         <marc:subfield code="a">Desmond,
         John</marc:subfield>
         <marc:subfield code="e">Director</marc:subfield>
         <marc:subfield code="0">http://id.loc.gov/authorities/names/n97869879</marc:subfield>
      </marc:datafield>
      <marc:datafield tag="720" ind1=" " ind2=" ">
         <marc:subfield code="a">Raposo,
         Joe</marc:subfield>
         <marc:subfield code="e">Music Composer</marc:subfield>
         <marc:subfield code="0">http://id.loc.gov/authorities/names/n82013465</marc:subfield>
      </marc:datafield>
      <marc:datafield tag="720" ind1=" " ind2=" ">
         <marc:subfield code="a">National Educational Television and Radio Center</marc:subfield>
         <marc:subfield code="e">Production Company</marc:subfield>
         <marc:subfield code="0">http://id.loc.gov/authorities/names/n80050382</marc:subfield>
      </marc:datafield>
      <marc:datafield tag="720" ind1=" " ind2=" ">
         <marc:subfield code="a">MacLeish, Archibald</marc:subfield>
         <marc:subfield code="e">Author/Based on</marc:subfield>
         <marc:subfield code="0">http://id.loc.gov/authorities/names/n80015459</marc:subfield>
      </marc:datafield>
      <marc:datafield tag="720" ind1=" " ind2=" ">
         <marc:subfield code="a">Harney,
         Greg</marc:subfield>
         <marc:subfield code="e">Producer</marc:subfield>
         <marc:subfield code="0">http://id.loc.gov/authorities/names/n85376919</marc:subfield>
      </marc:datafield>
      <marc:datafield tag="720" ind1=" " ind2=" ">
         <marc:subfield code="a">Hoving,
         Peter</marc:subfield>
         <marc:subfield code="e">Filmmaker</marc:subfield>
         <marc:subfield code="0">http://id.loc.gov/authorities/names/no2006050472</marc:subfield>
      </marc:datafield>
      <marc:datafield tag="720" ind1=" " ind2=" ">
         <marc:subfield code="a">Kassel,
         Virginia</marc:subfield>
         <marc:subfield code="e">Producer</marc:subfield>
         <marc:subfield code="0">http://id.loc.gov/authorities/names/n97852230</marc:subfield>
      </marc:datafield>
      <marc:datafield tag="720" ind1=" " ind2=" ">
         <marc:subfield code="a">Estus,
         Boyd</marc:subfield>
         <marc:subfield code="e">Filmmaker</marc:subfield>
         <marc:subfield code="0">http://id.loc.gov/authorities/names/n84002521</marc:subfield>
      </marc:datafield>
      <marc:datafield tag="720" ind1=" " ind2=" ">
         <marc:subfield code="a">WGBH (Television station : Boston, Mass.)</marc:subfield>
         <marc:subfield code="e">Production Company</marc:subfield>
         <marc:subfield code="0">http://id.loc.gov/authorities/names/n80089989</marc:subfield>
      </marc:datafield>
      <marc:datafield tag="260" ind1=" " ind2=" ">
         <marc:subfield code="c">1967-11-3</marc:subfield>
      </marc:datafield>
      <marc:datafield tag="520" ind1=" " ind2=" ">
         <marc:subfield code="a">From NET microfiche: The Pulitzer Prize-winning poet-playwright Archibald
         MacLeish has contributed this new play, "An Evening's Journey to Conway, Massachusetts," to
         NET. Described by MacLeish as "one of the most exciting ventures I've been involved in,"
         the work is a tribute to his hometown of forty years, Conway, Mass. It was specially
         written for the town's bicentennial in June 1967 and was performed by the townspeople
         during the celebrations. The NET production represents not only the work's first broadcast,
         but its first major exposure. The play concerns a boy who hates living in the town and
         wants to leave it. By leading him into an examination and evaluation of the town's past,
         MacLeish recreates major events from Conway's actual history. The play opens with an
         introductory sequence filmed in Conway itself, setting the mood of the play, in which
         Archibald MacLeish himself appears. The action of the play begins with the boy in front of
         the local food shop where the kids hang out, bored, watching the cars go by. As he thinks
         about his hatred for the town, the boy is led backwards into an examination of its history:
         Conway as it was when the survivors came back from the Civil War; as it was when the
         citizens had dreams of it becoming an important center, possibly even a city' as it was
         back in the 1830s, and at the time of Ticonderoga during the Revolutionary War, when,
         though it was the year of the great sickness, all the men that were able marched off to
         join General Stark at Bennington; as it was when Emerson's uncle, the Rev. John, came up to
         the hills, against his inclination to become the first minister of the Congregational
         church. There was much poverty, suffering, sickness and death as the people struggled to
         establish the town. And why? What was the idea of the town? This town or any town? Why did
         those men and women leave the meadows at Deerfield and move into the forested hills? Was
         their dream to build a town in the wilderness where men could live with God and even with
         each other? These are the boy's questions as he makes his way back -- angry at first, then
         sullen, then bewildered, and finally regaining faith in the town and in himself. The Cast:
         John Beal -- The Rev. Charles Rice Gary Burghoff -- The Boy Howard Lemay -- Marsh (Marshall
         Field) George Mathews -- William Warren (a farmer) Lou Polan -- Capt. Lucius Allis, of the
         Green Mountain Boys Edgar Stehli -- The Rev. John Emerson John McQuade -- Burke, an
         industrialist Royal Beal -- Malachi Maynard (a town treasurer) Harriet Rogers -- A Pioneer
         Woman Charlotte Glenn -- Mrs. Howland Paul Benedict -- Orator Townspeople of Conway Filler
         Information The filler for AN EVENING'S JOURNEY TO CONWAY, MASSACHUSETTS is WAITING FOR
         MAY. This is a mood piece about an old lady in a large city recalling her youth. "AN
         EVENING'S JOURNEY TO CONWAY, MASSACHUSETTS" runs 49:13 fades to black, then comes up on the
         filler "WAITING FOR MAY" which runs to 57:22 and ends with the NET logo. AN EVENING'S
         JOURNEY TO CONWAY, MASSACHUSETTS is a production of National Educational Television and
         WGBH, Boston. Producer: Gregory Harney Director: John J. Desmond NET producer: Virginia
         Kassel Sets: Fran Mahard Film segments: Peter Hoving and Boyd Estus Music composed and
         conducted by Joseph Raposo</marc:subfield>
      </marc:datafield>
      <marc:datafield tag="337" ind1=" " ind2=" ">
         <marc:subfield code="a">Moving Image</marc:subfield>
         <marc:subfield code="2">MAVIS media type controlled vocabulary</marc:subfield>
      </marc:datafield>
      <marc:datafield tag="024" ind1="8" ind2=" ">
         <marc:subfield code="a">2337729</marc:subfield>
         <marc:subfield code="2">MAVIS Title Number</marc:subfield>
      </marc:datafield>
      <marc:datafield tag="024" ind1="8" ind2=" ">
         <marc:subfield code="a">NPEJ</marc:subfield>
         <marc:subfield code="2">NET/PBS NOLA</marc:subfield>
      </marc:datafield>
      <marc:datafield tag="024" ind1="8" ind2=" ">
         <marc:subfield code="a">0</marc:subfield>
         <marc:subfield code="2">NET/PBS number</marc:subfield>
      </marc:datafield>
      <marc:datafield tag="024" ind1="8" ind2=" ">
         <marc:subfield code="a">57</marc:subfield>
         <marc:subfield code="2">Episode Number</marc:subfield>
      </marc:datafield>
      <marc:datafield tag="024" ind1="8" ind2=" ">
         <marc:subfield code="a">1190C</marc:subfield>
         <marc:subfield code="2">Original Control No.</marc:subfield>
      </marc:datafield>
      <marc:datafield tag="546" ind1=" " ind2=" ">
         <marc:subfield code="a">English</marc:subfield>
      </marc:datafield>
      <marc:datafield tag="787" ind1="0" ind2=" ">
         <marc:subfield code="w">2125213</marc:subfield>
         <marc:subfield code="n">MAVIS id number</marc:subfield>
      </marc:datafield>
      <marc:datafield tag="653" ind1=" " ind2=" ">
         <marc:subfield code="a">Conway (Mass.)</marc:subfield>
         <marc:subfield code="0">http://id.loc.gov/authorities/names/n91082764</marc:subfield>
      </marc:datafield>
      <marc:datafield tag="245" ind1="0" ind2="0">
         <marc:subfield code="a">NET playhouse. An evening's journey to Conway,
         Massachusetts.</marc:subfield>
         <marc:subfield code="b">National Educational Television and WGBH,
         Boston ; producers, Gregory Harney and Virginia Kassel ; director, John J. Desmond ;
         writer, Archibald MacLeish.</marc:subfield>
      </marc:datafield>
      <marc:datafield tag="246" ind1="3" ind2="3">
         <marc:subfield code="a">An evening's journey to Conway,
         Massachusetts.</marc:subfield>
      </marc:datafield>
      <marc:datafield tag="246" ind1="3" ind2="3">
         <marc:subfield code="a">Evening's journey to Conway, Mass.,
         An</marc:subfield>
      </marc:datafield>
      <marc:datafield tag="246" ind1="3" ind2="3">
         <marc:subfield code="a">NET playhouse. [No. 57], An evening's journey to
         Conway, Massachusetts.</marc:subfield>
      </marc:datafield>
      <marc:datafield tag="655" ind1=" " ind2="0">
         <marc:subfield code="a">Television adaptations
         (lcgft)</marc:subfield>
         <marc:subfield code="0">http://id.loc.gov/authorities/genreForms/gf2011026653\n</marc:subfield>
      </marc:datafield>
      <marc:datafield tag="655" ind1=" " ind2="0">
         <marc:subfield code="a">Fiction television programs
         (lcgft)</marc:subfield>
         <marc:subfield code="0">http://id.loc.gov/authorities/genreForms/gf2011026252\n</marc:subfield>
      </marc:datafield>
   </marc:record>