
   <marc:record>
      <marc:leader>      am         3u     </marc:leader>
      <marc:datafield tag="042" ind1=" " ind2=" ">
         <marc:subfield code="a">dc</marc:subfield>
      </marc:datafield>
      <marc:datafield tag="720" ind1=" " ind2=" ">
         <marc:subfield code="a">Mercer,
         Marian</marc:subfield>
         <marc:subfield code="e">Cast/Actor</marc:subfield>
         <marc:subfield code="0">http://id.loc.gov/authorities/names/no00002321</marc:subfield>
      </marc:datafield>
      <marc:datafield tag="720" ind1=" " ind2=" ">
         <marc:subfield code="a">National Educational Television and Radio Center</marc:subfield>
         <marc:subfield code="e">Broadcaster</marc:subfield>
         <marc:subfield code="0">http://id.loc.gov/authorities/names/n80050382</marc:subfield>
      </marc:datafield>
      <marc:datafield tag="720" ind1=" " ind2=" ">
         <marc:subfield code="a">Hochberg,
         Victoria</marc:subfield>
         <marc:subfield code="e">Editor</marc:subfield>
         <marc:subfield code="0">http://id.loc.gov/authorities/names/no93020729</marc:subfield>
      </marc:datafield>
      <marc:datafield tag="720" ind1=" " ind2=" ">
         <marc:subfield code="a">Holland, Anthony</marc:subfield>
         <marc:subfield code="e">Cast/Actor</marc:subfield>
      </marc:datafield>
      <marc:datafield tag="720" ind1=" " ind2=" ">
         <marc:subfield code="a">Livingston,
         Robert H.</marc:subfield>
         <marc:subfield code="e">Director</marc:subfield>
         <marc:subfield code="0">http://id.loc.gov/authorities/names/n84149893</marc:subfield>
      </marc:datafield>
      <marc:datafield tag="720" ind1=" " ind2=" ">
         <marc:subfield code="a">National Educational Television and Radio Center</marc:subfield>
         <marc:subfield code="e">Production Company</marc:subfield>
         <marc:subfield code="0">http://id.loc.gov/authorities/names/n80050382</marc:subfield>
      </marc:datafield>
      <marc:datafield tag="720" ind1=" " ind2=" ">
         <marc:subfield code="a">Maysles,
         Albert</marc:subfield>
         <marc:subfield code="e">Filmmaker</marc:subfield>
         <marc:subfield code="0">http://id.loc.gov/authorities/names/n94802592</marc:subfield>
      </marc:datafield>
      <marc:datafield tag="720" ind1=" " ind2=" ">
         <marc:subfield code="a">Venza, Jac</marc:subfield>
         <marc:subfield code="e">Executive Producer</marc:subfield>
         <marc:subfield code="0">http://id.loc.gov/authorities/names/no93017967</marc:subfield>
      </marc:datafield>
      <marc:datafield tag="720" ind1=" " ind2=" ">
         <marc:subfield code="a">Holt,
         Will</marc:subfield>
         <marc:subfield code="e">Music Composer</marc:subfield>
         <marc:subfield code="0">http://id.loc.gov/authorities/names/n82116877</marc:subfield>
      </marc:datafield>
      <marc:datafield tag="720" ind1=" " ind2=" ">
         <marc:subfield code="a">Loxton, David
         R.</marc:subfield>
         <marc:subfield code="e">Producer</marc:subfield>
         <marc:subfield code="0">http://id.loc.gov/authorities/names/no93020618</marc:subfield>
      </marc:datafield>
      <marc:datafield tag="720" ind1=" " ind2=" ">
         <marc:subfield code="a">Raymond,
         Alan</marc:subfield>
         <marc:subfield code="e">Filmmaker</marc:subfield>
         <marc:subfield code="0">http://id.loc.gov/authorities/names/n88673321</marc:subfield>
      </marc:datafield>
      <marc:datafield tag="720" ind1=" " ind2=" ">
         <marc:subfield code="a">Friedman, Gary William</marc:subfield>
         <marc:subfield code="e">Music Composer</marc:subfield>
         <marc:subfield code="0">http://id.loc.gov/authorities/names/n84149894</marc:subfield>
      </marc:datafield>
      <marc:datafield tag="260" ind1=" " ind2=" ">
         <marc:subfield code="c">1970-12-17</marc:subfield>
      </marc:datafield>
      <marc:datafield tag="260" ind1=" " ind2=" ">
         <marc:subfield code="c">1972-12-30</marc:subfield>
      </marc:datafield>
      <marc:datafield tag="520" ind1=" " ind2=" ">
         <marc:subfield code="a">From NET microfiche: Program Description: Under the direction of Bob
         Livingston (director of the off-Broadway success "The Me Nobody Knows"), a special company
         of improvisational actors, most of whom were members of Chicago's famed Second City troupe,
         performs a program of improvised satiric sketches about life in New York City. Composer
         Gary William Friedman and lyricist Will Holt, who wrote the songs for "The Me Nobody
         Knows," have written a score for this production. "A Nice Place to Visit..." represents a
         new approach to television satire. To help capture the free-flowing spontaneity of
         improvised comedy, cameraman Al Maysles ("Primary," "Yanqui No," "Salesman," the Beatles'
         "What's Happening") employs his famed hand-held camera technique in scenes that are all
         shot on location throughout New York. The locations include the Brooklyn Bridge, Wall
         Street, Fifth Avenue, and Central Park. Among the cast is Marion Mercer, winner of a Tony
         award for her supporting role in the Broadway hit "Promises, Promises"; and Anthony
         Holland, currently seen in the films "Midnight Cowboy," "The Out-of-Towners," and "Lovers
         and Other Strangers," and whose Broadway credits include the Joseph Heller play "We Bombed
         in New Haven." Holland was a member of Second City; Miss Mercer was not. The cast also
         consists of Barbara Dana (Mrs. Alan Arkin), Christopher Guest, Paul Dooley, JJ Barry, Jon
         Korkes, Mina Kolb, Judy Graubart, Paul Benedict, and Andrew Duncan. Benedict, Guest, and
         Korkes has roles in off-Broadway hit "Little Murders" at Circles-in-the-Square; and
         Holland, Barry, and Benedict again were in "The White House Murder Case," also at
         Circle-in-the-Square. (Both productions were directed by Alan Arkin, who rose to stardom
         from his participation in Second City.) Korkes plays small roles in the films "Catch-22"
         "The Out-of-Towners," and the not-yet-released "Little Murders." Miss Dana is seen in the
         motion picture "Popi," and her Broadway credits include the recent revival of "Room
         Service," "Who's Afraid of Virginia Woolf," and "Enter Laughing." Mina Kolb is in the film
         "Loving," and Miss Graubart was a regular on CBS-TV's summer variety show "Comedy Tonight."
         The material in the program includes the following: A door-to-door salesman tries to
         interest a young couple in switching to a brand new phone company; a bridge-painter and a
         painter of bridges compare the relative artistic merits of their work in the middle of the
         Brooklyn Bridge; a TV commentator gives an on-the-scene report on pollution in the East
         River; a middle-aged couple consults masters and Johnson about an unusual sexual problem;
         novelist and women's lib advocate Rhoda Shapiro discusses her life from her swank apartment
         for the program "Women Want to Know"; a jogger in Central Park is accosted by a drug
         peddler, a hooker, and an autograph seeker; a novice panhandler gains some valuable
         expertise from an experienced colleague; a boy-girl relationship is born near the bear cage
         in the Central Park Zoo; a woman unwittingly finds herself in the men's boutique of a
         leading department store; and a company tries to improve worker efficiency by bringing live
         music into its factory. NET Playhouse #218 - "A Nice Place to Visit..." is a production of
         NET. Producer: David Loxton. Director: Bob Livingston. Associate producer: Matt Herman.
         Editor: Victoria Hochberg. Film; Al Maysles and Alan Raymond. Sound: Hugh Liddel. NET
         Playhouse executive producer: Jac Venza.</marc:subfield>
      </marc:datafield>
      <marc:datafield tag="024" ind1="8" ind2=" ">
         <marc:subfield code="a">2333694</marc:subfield>
         <marc:subfield code="2">MAVIS Title Number</marc:subfield>
      </marc:datafield>
      <marc:datafield tag="024" ind1="8" ind2=" ">
         <marc:subfield code="a">218</marc:subfield>
         <marc:subfield code="2">Episode Number</marc:subfield>
      </marc:datafield>
      <marc:datafield tag="024" ind1="8" ind2=" ">
         <marc:subfield code="a">113?</marc:subfield>
         <marc:subfield code="2">Episode Number</marc:subfield>
      </marc:datafield>
      <marc:datafield tag="653" ind1=" " ind2=" ">
         <marc:subfield code="a"/>
      </marc:datafield>
      <marc:datafield tag="245" ind1="0" ind2="0">
         <marc:subfield code="a">NET playhouse. A nice place to visit.</marc:subfield>
         <marc:subfield code="b">National Educational Television ; producer,
         David Loxton ; director, Bob Livingston.</marc:subfield>
      </marc:datafield>
      <marc:datafield tag="246" ind1="3" ind2="3">
         <marc:subfield code="a">A nice place to
         visit.</marc:subfield>
      </marc:datafield>
      <marc:datafield tag="246" ind1="3" ind2="3">
         <marc:subfield code="a">Playhouse New York. [Unidentified
         episode, no. 113].</marc:subfield>
      </marc:datafield>
      <marc:datafield tag="246" ind1="3" ind2="3">
         <marc:subfield code="a">NET playhouse
         #218: a nice place to visit (1970).</marc:subfield>
      </marc:datafield>
      <marc:datafield tag="246" ind1="3" ind2="3">
         <marc:subfield code="a">NET playhouse. [No. 218], A nice place to
         visit.</marc:subfield>
      </marc:datafield>
      <marc:datafield tag="655" ind1=" " ind2="0">
         <marc:subfield code="a">Fiction television programs
         (lcgft)</marc:subfield>
         <marc:subfield code="0">http://id.loc.gov/authorities/genreForms/gf2011026252\n</marc:subfield>
      </marc:datafield>
      <marc:datafield tag="655" ind1=" " ind2="0">
         <marc:subfield code="a">Sketch comedy television programs
         (lcgft)</marc:subfield>
         <marc:subfield code="0">http://id.loc.gov/authorities/genreForms/gf2011026581</marc:subfield>
      </marc:datafield>
   </marc:record>