
   <marc:record>
      <marc:leader>      am         3u     </marc:leader>
      <marc:datafield tag="042" ind1=" " ind2=" ">
         <marc:subfield code="a">dc</marc:subfield>
      </marc:datafield>
      <marc:datafield tag="720" ind1=" " ind2=" ">
         <marc:subfield code="a">Mohyeddin, Zia</marc:subfield>
         <marc:subfield code="e">Cast/Actor</marc:subfield>
      </marc:datafield>
      <marc:datafield tag="720" ind1=" " ind2=" ">
         <marc:subfield code="a">Forster, E.M. (Edward Morgan),
         1879-1970</marc:subfield>
         <marc:subfield code="e">Adapter/Dramatization</marc:subfield>
      </marc:datafield>
      <marc:datafield tag="720" ind1=" " ind2=" ">
         <marc:subfield code="a">Ford,
         Helen, 1894-1982</marc:subfield>
         <marc:subfield code="e">Cast/Actor</marc:subfield>
         <marc:subfield code="0">http://id.loc.gov/authorities/names/n2009081592</marc:subfield>
      </marc:datafield>
      <marc:datafield tag="720" ind1=" " ind2=" ">
         <marc:subfield code="a">National Educational Television and Radio Center</marc:subfield>
         <marc:subfield code="e">Broadcaster</marc:subfield>
         <marc:subfield code="0">http://id.loc.gov/authorities/names/n80050382</marc:subfield>
      </marc:datafield>
      <marc:datafield tag="720" ind1=" " ind2=" ">
         <marc:subfield code="a">Cusack,
         Cyril</marc:subfield>
         <marc:subfield code="e">Cast/Actor</marc:subfield>
         <marc:subfield code="0">http://id.loc.gov/authorities/names/n85306137</marc:subfield>
      </marc:datafield>
      <marc:datafield tag="720" ind1=" " ind2=" ">
         <marc:subfield code="a">McKenna, Virginia</marc:subfield>
         <marc:subfield code="e">Cast/Actor</marc:subfield>
         <marc:subfield code="0">http://id.loc.gov/authorities/names/n81074385</marc:subfield>
      </marc:datafield>
      <marc:datafield tag="720" ind1=" " ind2=" ">
         <marc:subfield code="a">Jaffrey, Saeed</marc:subfield>
         <marc:subfield code="e">Cast/Actor</marc:subfield>
         <marc:subfield code="0">http://id.loc.gov/authorities/names/nr96035466</marc:subfield>
      </marc:datafield>
      <marc:datafield tag="720" ind1=" " ind2=" ">
         <marc:subfield code="a">Thorndike, Sybil</marc:subfield>
         <marc:subfield code="e">Cast/Actor</marc:subfield>
         <marc:subfield code="0">http://id.loc.gov/authorities/names/n85025639</marc:subfield>
      </marc:datafield>
      <marc:datafield tag="720" ind1=" " ind2=" ">
         <marc:subfield code="a">Bates,
         Michael, 1920-1978</marc:subfield>
         <marc:subfield code="e">Cast/Actor</marc:subfield>
         <marc:subfield code="0">http://id.loc.gov/authorities/names/no97003190</marc:subfield>
      </marc:datafield>
      <marc:datafield tag="720" ind1=" " ind2=" ">
         <marc:subfield code="a">National Educational Television and Radio Center</marc:subfield>
         <marc:subfield code="e">Production Company</marc:subfield>
         <marc:subfield code="0">http://id.loc.gov/authorities/names/n80050382</marc:subfield>
      </marc:datafield>
      <marc:datafield tag="720" ind1=" " ind2=" ">
         <marc:subfield code="a">British Broadcasting Corporation</marc:subfield>
         <marc:subfield code="e">Production Company</marc:subfield>
         <marc:subfield code="0">http://id.loc.gov/authorities/names/n79074359</marc:subfield>
      </marc:datafield>
      <marc:datafield tag="720" ind1=" " ind2=" ">
         <marc:subfield code="a">Hussein,
         Waris</marc:subfield>
         <marc:subfield code="e">Director</marc:subfield>
         <marc:subfield code="0">http://id.loc.gov/authorities/names/n88051133</marc:subfield>
      </marc:datafield>
      <marc:datafield tag="720" ind1=" " ind2=" ">
         <marc:subfield code="a">Rama
         Rau, Santha</marc:subfield>
         <marc:subfield code="e">Author/Based on</marc:subfield>
         <marc:subfield code="0">http://id.loc.gov/authorities/names/n50054431</marc:subfield>
      </marc:datafield>
      <marc:datafield tag="720" ind1=" " ind2=" ">
         <marc:subfield code="a">Chessid, Kay</marc:subfield>
         <marc:subfield code="e">Producer</marc:subfield>
      </marc:datafield>
      <marc:datafield tag="720" ind1=" " ind2=" ">
         <marc:subfield code="a">Luke,
         Peter</marc:subfield>
         <marc:subfield code="e">Producer</marc:subfield>
         <marc:subfield code="0">http://id.loc.gov/authorities/names/n50039174</marc:subfield>
      </marc:datafield>
      <marc:datafield tag="260" ind1=" " ind2=" ">
         <marc:subfield code="c">1968-1-26</marc:subfield>
      </marc:datafield>
      <marc:datafield tag="260" ind1=" " ind2=" ">
         <marc:subfield code="c">1969-3-30</marc:subfield>
      </marc:datafield>
      <marc:datafield tag="260" ind1=" " ind2=" ">
         <marc:subfield code="c">1970-7-30</marc:subfield>
      </marc:datafield>
      <marc:datafield tag="520" ind1=" " ind2=" ">
         <marc:subfield code="a">From NET microfiche: EM Forster's famous novel is the basis of this play by
         Santha Rama Rau about Anglo-Indian relations in the nineteen-twenties. Although the India
         the book depicts no longer exists, the novel is a fascinating record of its period and is
         regarded by many as the best novel ever written about the country. Mrs. Moore, an elderly
         English lady, has just arrived in India for the first time to visit her son (by her first
         marriage), Ronnie Heaslop, resident magistrate in Chandrapore. With her is her son's
         fiance, Miss Quested. Roaming around a mosque one night, Mrs. Moore meets Dr. Aziz, a
         young Indian, and immediately a mutual appreciation develops between them. Dr. Aziz is a
         friend of the English principal of the local Government College, a liberal by the name of
         Fielding who tends to get on better with his Indian colleagues than with the very British
         members of the Indian Civil Service community. Mrs. Moore and Miss Quested meet Dr. Aziz
         again at Fielding's house, and the doctor, eager to show the two ladies India, invites them
         to a picnic in the nearby Marabar Caves. Heaslop is furious that the women have accepted
         this invitation from an Indian. Nevertheless, the picnic takes place. Then, when she and
         Dr. Aziz are separated in the caves from the rest of the party, Miss Quested experiences
         some form of emotional crisis and flees in panic form the scene. In her delirium she is
         persuaded by various compatriots back in Chandrapore that she has been victim of an outrage
         by Dr. Aziz. The local authorities are only too willing to make an example of this
         "upstart" Indian, and Dr. Aziz is brought to trial. Just at the moment when things look
         worst for him, Miss Quested comes to her senses and declines to proceed with the charge.
         The broken Aziz suddenly becomes triumphant, and his friend Fielding joins in his pleasure
         until he discovers that in revenge the doctor intends to sue him for damages. Fielding sees
         that it is Miss Quested who is not the loser all around, and he is torn between loyalty to
         his friend and pity for the girl who has lost the respect of both the Indian and the
         European communities. The play ends with the admission on both sides that the friendship
         between the liberal Fielding and the onetime Anglophile Aziz is now at an end. This
         production stars one of Britain's most distinguished actresses, Dame Sybil Thorndike, with
         Virginia McKenna (star of the film "Born Free"), Cyril Cusack, and Zia Mohyeddin. EM
         Forster (1879- ), the British novelist, often deals in his work with the interaction of two
         types of character and the intersection of two planes of living. He brings into conflict
         those who live by convention and those who live by instinct. Among his novels are "Where
         Angels Fear to Tread" (1905), "The Longest Journey" (1907), "A Room with a View" (1908),
         and "Howard's End" (1910). He is well known also for the volume of criticism "Aspects of
         the Novel" (1927) and for his more recent collaboration with Eric Crozier on the libretto
         of Benjamin Britten's opera "Billy Budd." Cast: Mrs. Moore - Sybil Thorndike Dr. Aziz - Zia
         Mohyeddin Mr. Fielding - Cyril Cussack Adela Quested - Virginia McKenna Professor Godbole -
         Michael Bates Mrs. Collins - Helen Ford Mr. Hamidullah - Saeed Jaffrey "NET PLAYHOUSE - A
         PASSAGE TO INDIA" is a production of the British Broadcasting Corporation, a presentation
         of National Educational Television. Producer: Peter Luke. NET Producer: Kay Chessid.
         Directed by Waris Hussein. Television adaptation by John Maynard. Form the novel by EM
         Forster and the play by Santha Rama Rau.</marc:subfield>
      </marc:datafield>
      <marc:datafield tag="337" ind1=" " ind2=" ">
         <marc:subfield code="a">Moving Image</marc:subfield>
         <marc:subfield code="2">MAVIS media type controlled vocabulary</marc:subfield>
      </marc:datafield>
      <marc:datafield tag="024" ind1="8" ind2=" ">
         <marc:subfield code="a">2462919</marc:subfield>
         <marc:subfield code="2">MAVIS Title Number</marc:subfield>
      </marc:datafield>
      <marc:datafield tag="024" ind1="8" ind2=" ">
         <marc:subfield code="a">NPPT</marc:subfield>
         <marc:subfield code="2">NET/PBS NOLA</marc:subfield>
      </marc:datafield>
      <marc:datafield tag="024" ind1="8" ind2=" ">
         <marc:subfield code="a">0 (PBS-1994.xls Excel spreadsheet)</marc:subfield>
         <marc:subfield code="2">NET/PBS number</marc:subfield>
      </marc:datafield>
      <marc:datafield tag="024" ind1="8" ind2=" ">
         <marc:subfield code="a">129 (NET microfiche)</marc:subfield>
         <marc:subfield code="2">NET/PBS number</marc:subfield>
      </marc:datafield>
      <marc:datafield tag="024" ind1="8" ind2=" ">
         <marc:subfield code="a">198 (NET microfiche)</marc:subfield>
         <marc:subfield code="2">NET/PBS number</marc:subfield>
      </marc:datafield>
      <marc:datafield tag="546" ind1=" " ind2=" ">
         <marc:subfield code="a">English</marc:subfield>
      </marc:datafield>
      <marc:datafield tag="245" ind1="0" ind2="0">
         <marc:subfield code="a">NET playhouse. A passage to India.</marc:subfield>
         <marc:subfield code="b">British Broadcasting Corporation ;
         presentation of National Educational Television ; producer, Peter Luke ; NET producer, Kay
         Chessid ; director, Warls Hussein ; television adaption by John Maynard; from the novel by
         EM Forster and the play by Santha Rama Rau.</marc:subfield>
      </marc:datafield>
      <marc:datafield tag="246" ind1="3" ind2="3">
         <marc:subfield code="a">A passage to India.</marc:subfield>
      </marc:datafield>
      <marc:datafield tag="246" ind1="3" ind2="3">
         <marc:subfield code="a">NET playhouse. Passage to India.
         [Edited].</marc:subfield>
      </marc:datafield>
      <marc:datafield tag="246" ind1="3" ind2="3">
         <marc:subfield code="a">NET playhouse. [No. 129], A passage to
         India.</marc:subfield>
      </marc:datafield>
      <marc:datafield tag="246" ind1="3" ind2="3">
         <marc:subfield code="a">NET playhouse. [No. 198], A passage to
         India.</marc:subfield>
      </marc:datafield>
      <marc:datafield tag="655" ind1=" " ind2="0">
         <marc:subfield code="a">Television adaptations
         (lcgft)</marc:subfield>
         <marc:subfield code="0">http://id.loc.gov/authorities/genreForms/gf2011026653\n</marc:subfield>
      </marc:datafield>
      <marc:datafield tag="655" ind1=" " ind2="0">
         <marc:subfield code="a">Fiction television programs
         (lcgft)</marc:subfield>
         <marc:subfield code="0">http://id.loc.gov/authorities/genreForms/gf2011026252\n</marc:subfield>
      </marc:datafield>
   </marc:record>