
   <marc:record>
      <marc:leader>      am         3u     </marc:leader>
      <marc:datafield tag="042" ind1=" " ind2=" ">
         <marc:subfield code="a">dc</marc:subfield>
      </marc:datafield>
      <marc:datafield tag="720" ind1=" " ind2=" ">
         <marc:subfield code="a">Voight,
         Jon</marc:subfield>
         <marc:subfield code="e">Cast/Actor</marc:subfield>
         <marc:subfield code="0">http://id.loc.gov/authorities/names/n85138197</marc:subfield>
      </marc:datafield>
      <marc:datafield tag="720" ind1=" " ind2=" ">
         <marc:subfield code="a">National Educational Television and Radio Center</marc:subfield>
         <marc:subfield code="e">Broadcaster</marc:subfield>
         <marc:subfield code="0">http://id.loc.gov/authorities/names/n80050382</marc:subfield>
      </marc:datafield>
      <marc:datafield tag="720" ind1=" " ind2=" ">
         <marc:subfield code="a">Morse,
         Barry</marc:subfield>
         <marc:subfield code="e">Cast/Actor</marc:subfield>
         <marc:subfield code="0">http://id.loc.gov/authorities/names/no2011134227</marc:subfield>
      </marc:datafield>
      <marc:datafield tag="720" ind1=" " ind2=" ">
         <marc:subfield code="a">Bieri,
         Ramon</marc:subfield>
         <marc:subfield code="e">Cast/Actor</marc:subfield>
         <marc:subfield code="0">http://id.loc.gov/authorities/names/n86138337</marc:subfield>
      </marc:datafield>
      <marc:datafield tag="720" ind1=" " ind2=" ">
         <marc:subfield code="a">Stevens, Paul, 1921-1986</marc:subfield>
         <marc:subfield code="e">Cast/Actor</marc:subfield>
         <marc:subfield code="0">http://id.loc.gov/authorities/names/no2003115324</marc:subfield>
      </marc:datafield>
      <marc:datafield tag="720" ind1=" " ind2=" ">
         <marc:subfield code="a">Maitland, Dennis</marc:subfield>
         <marc:subfield code="e">Sound</marc:subfield>
      </marc:datafield>
      <marc:datafield tag="720" ind1=" " ind2=" ">
         <marc:subfield code="a">National Educational Television and Radio Center</marc:subfield>
         <marc:subfield code="e">Production Company</marc:subfield>
         <marc:subfield code="0">http://id.loc.gov/authorities/names/n80050382</marc:subfield>
      </marc:datafield>
      <marc:datafield tag="720" ind1=" " ind2=" ">
         <marc:subfield code="a">Genus,
         Karl</marc:subfield>
         <marc:subfield code="e">Producer</marc:subfield>
         <marc:subfield code="0">http://id.loc.gov/authorities/names/n97868632</marc:subfield>
      </marc:datafield>
      <marc:datafield tag="720" ind1=" " ind2=" ">
         <marc:subfield code="a">Genus,
         Karl</marc:subfield>
         <marc:subfield code="e">Director</marc:subfield>
         <marc:subfield code="0">http://id.loc.gov/authorities/names/n97868632</marc:subfield>
      </marc:datafield>
      <marc:datafield tag="720" ind1=" " ind2=" ">
         <marc:subfield code="a">Fry,
         Christopher, 1907-2005</marc:subfield>
         <marc:subfield code="e">Author/Based on</marc:subfield>
         <marc:subfield code="0">http://id.loc.gov/authorities/names/n50047912</marc:subfield>
      </marc:datafield>
      <marc:datafield tag="260" ind1=" " ind2=" ">
         <marc:subfield code="c">1965-1-8</marc:subfield>
      </marc:datafield>
      <marc:datafield tag="260" ind1=" " ind2=" ">
         <marc:subfield code="c">1966-12-6</marc:subfield>
      </marc:datafield>
      <marc:datafield tag="260" ind1=" " ind2=" ">
         <marc:subfield code="c">1964</marc:subfield>
      </marc:datafield>
      <marc:datafield tag="520" ind1=" " ind2=" ">
         <marc:subfield code="a">From NET microfiche, file S: A Sleep of Prisoners (1965) This program is a
         complete performance of the dramatic play, A SLEEP OF PRISONERS, by the noted English
         playwright, Christopher Fry. It is a National Educational Television production, produced
         and directed by Karl Genus. Fry's A SLEEP OF PRISONERS takes place during a fictional
         contemporary war and concerns the inner conflicts of four soldiers - men form different
         stations in life - who have been captured by the enemy "Towzers" and imprisoned in a bombed
         out church. This is a war play in which the enemy never appears. Guns echo across the
         countryside but the Towzer troops that captured Private David King, Private Peter Able,
         Private Tim Meadows, and Corporal Joe Adams do not intrude into the strange prison where
         they have left their captives. And yet there is no absence of enemy. For a war is raging
         within the church walls as well as without; the wartime buddies are each other's enemies.
         "There's strange divisions in us and in everyone," as Tim Meadows puts it. The playwright
         examines these "divisions" as he engages his four characters in a series of dramas in which
         each is forced to confront his own destiny. Slowly they - and we, as audience - come to
         understand their hostilities. And when the cleansing furor of their battle with life is
         over there is rest to soothe their weariness and a brutal message of universal harmony to
         lead them from their former discord. After the prisoners have gone to war with each other
         as dreamers they can live at peace with each other as men. Credits: A SLEEP OF PRISONRES by
         Christopher Fry is a 1964 production of National Educational Television; produced and
         directed by Karl Genus; and starring Barry Morse as Private Tim Meadows, Paul Stevens as
         Corporal Joe Adams, Ramon Bieri as Private David King, and Jon Voight as Private Peter
         Able. The associate producer is jerry Karpf. The associate director is Jim Hartzer. The
         lighting director is Danny Franks. The art director is Leif Pedersen. John Natale is
         technical director, and audio is by Dennis Maitland. Gail Gilman and Arks Smith are
         assistants to the producer. Music was arranged and composed by Martin Barrzt. The stage
         manager is Chet O'Brien. Stage Manager: Chet O'Brien Background: The American public first
         came to know A SLEEP OF PRISONERS in 1951, when, soon after its premiere in England, it
         opened in the St. James Episcopal Church in New York City. On that occasion Christopher
         Fry, an important and popular playwright - who's "The Lady's Not for Burning" has been in a
         hit on Broadway the previous season - made the headlines once again with a new play, this
         one written specifically for production in the sanctuary of a church. A SLEEP OF PRISONERS
         was first performed by the Religious Drama Society in England. The NET production of the
         play was done on a location on Welfare Island in New York's East River, where the Manhattan
         skyline could be used as a backdrop and two abandoned churches could be used for interior
         shooting. The entire performance was recorded as a videotape remote. The Plot: (The play's
         entire action takes place inside the church and the time span represented is exactly the
         same as the time it takes for the audience to see it.) It is night, and each of the four
         prisoners of war, incarcerated in a church, is about to go to bed. On the church organ Pvt.
         Peter Able picks out "Now the Day is Over" with one finder while Pvt. David King looks at
         the memorial tables on the wall. Feeling edgy, David becomes irritated by Peter's playing,
         and is further provoked when Peter goes to the lectern and starts to read from the bible
         and deliver a sermon. Unable to restrain the consuming hostility he feels for Peter (whose
         sense of the mystery of the universe - "I know I do not know - makes him an appeaser and a
         bad soldier), David, "an example of bestial passions that beset mankind," leaps on the
         pulpit in a rage and grabs at his comrade's throat. The two grapple and are finally pulled
         apart by Pvt. Tim Meadows and Cpl. Joe Adams. Just before he collapses onto the bunk, Peter
         muses about his inability to feel committed to a cause, the same acquiescence that
         infuriates David: "I never remember I ought to be fighting until I'm practically dead. Sort
         of absent-fisted " He soon falls asleep, as does Dave, and Tim and Joe are left to talk.
         Tim tells Joe how he got into the war, then they too drop off to sleep. Presently the
         hallowed environment begins to play on the sleeping prisoners, and the drama becomes a
         series of four dreams in which the men take on a number biblical roles. The first dream is
         the story of Cain and Abel in which David King is Cain, Peter Able is Abel, Joe Adams is
         Adam, and Tim Meadows is God. In their dream version of the bible account David and Peter
         re-enact the hostility which had caused their struggle on the pulpit earlier. While their
         father looks on, powerless to separate his two sons. Cain and Abel lock in a fatal battle
         over the question: which of their respective philosophical outlooks is favored by God? They
         are driven to determine which of the brothers is "justified." Is it Cain, the materialist,
         who sees man's goal as the state of being "content and full," as a "two-footed prosperity?"
         Or is it "analgesic" Abel who sees a destiny far beyond corporal man, though he cannot name
         it? The two roll dice to resolve the issue, and Abel wins. But Cain, fearing his brother
         has cheated him by loading the dice, and his God has betrayed him by siding with his
         brother, is so enraged he kills Abel. God sends Cain into flight, telling him that he will
         always be branded in society as a murderer and will never know peace. As he runs, Cain
         calls on the Lord to explain why he was never told that God's preference was not for the
         "government of flesh" that he, Cain, represented and his slain brother opposed. "How was I
         expected to guess that what I am you didn't want?" he asked. The answer from heaven is
         cryptic: "They shall never kill you." In the second dream, David and Absalom, Peter as
         Absalom returns to prey on Pvt. David King's strength (David King is King David of Israel
         in this dream). Absalom, who openly consorts with the King's enemies, challenges his father
         with: "Do you think I care?" King David is frustrated by his son's indifference and pleads
         with him: "Absalom, come alive. Living is caring." But Absalom keeps up his taunts,
         arrogantly defying authority and refusing to take a man-made society seriously. David
         charges his lieutenant Joab to teach his son obedience, but Absalom's reaction to Joab's
         harsh treatment is to betray the king and to join with David's enemies. David goes to war
         against Absalom; Absalom is killed; and the king is left along with an empty victory. The
         next dream concerns Abraham and Isaac, the story of the near sacrifice of Isaac, at God's
         bidding, on Mt. Moriah by his father Abraham. In this dream, as in the last, David is the
         father (Abraham) and the figure of strength, and Peter is the son (Isaac), and the one who
         ultimately at the mercy of the strong. But this time the outcome is not death and dismay,
         but an affirmation of life, albeit a qualified affirmation. The Angel of God (played by Joe
         Adams) comes to free Isaac from the cords that bind him to the sacrificial rock, warning
         Abraham that his son will still be bound, like all men, to the trials of society. Happy at
         Isaac's salvation, Abraham sacrifices a ram in his boy's stead, and Isaac is taken down the
         mountain on a donkey, guided by the Donkey-man (Tim Meadows). In the fourth and final dream
         Joe Adams, David King, and Peter Able are Shadrach, Meshach, and Abednego, condemned to die
         in a fiery furnace for not worshipping King Nebuchadnezzar's golden idol. As the flames
         encircle them, they find themselves touched by neither fire nor heat. Discovering their
         ability to withstand destruction, they are filled with wonderment and hope. "I can think of
         life," says Adams. "We'll make it yet." Looking out through the flames they see Meadows
         looking in at them. They call to him to identify himself. "Man," he replies. "Under what
         command?" they ask. "God's," he replies. They ask him how they can get through the wall of
         fire. He tells them it will take patience, love, and "the honesty not to say we do a thing
         for all men's sakes when we do it only for our own." And most all, he explains, it will
         take a new kind of quest and negation of the old cures, the old measures. "Expedience and
         self-preservation can rot as they will  The human heart can [now] go to the lengths of
         God. Dark and cold we may be, but this is no winter now. The frozen misery of century's
         breaks, cracks, begins to move, the thunder is the thunder of the floes, the thaw, the
         flood, the upstart spring. Thank God out time is now when wrong comes up to face us
         everywhere, never to leave us till we take the longest stride of soul men ever took.
         Affairs are now soul size. The enterprise is exploration into God where no nation's foot
         has ever trodden yet." The stirring message brings them out of the furnace. Soon after the
         last dream is over, the prisoners fall back into a dreamless sleep, the church clock
         strikes, a bugle sounds in the distance, and the play ends. "In this play," Karl Genus
         says, "Christopher Fry presents his audience with numerous levels and ironies and, thereby
         sets the imagination to work . It is a very rich script with the kind of vivid visual
         possibility that lends itself naturally to the creative techniques of television art." That
         this is designated a "verse play" may be misleading. While the playwright conceived of and
         wrote his drama as poetry, it is no way formal or stiff. On the contrary, the meter is
         varied, the lines unrhymed, and the tone natural. Indeed, it is often considered Fry's
         great gift as a playwright that he so beautifully uses poetry to intensify the reality of
         true-to-life conversation. This is surely the case with A SLEEP OF PRISONERS which, for all
         of its soul-searching, is sprinkled with the lively and witty dialogue one might expect of
         four dogfaces. Biographies: CHRISTOPHER FRY was born in 1907. One of England's foremost
         twentieth century dramatists, he has spent most of his life in the theater - acting or
         directing when he is not writing. Among his best known plays are The Boy with the Cart
         (1939), The Firstborn (1946), A Phoenix Too Frequent (1946), The Lady's Not for Burning
         (1949), Thor, with Angels (1949), Venus Observed (1950), A Sleep of Prisoners (1951), The
         Dark is Light Enough (1954), and Apollo, Curtmantle (1962). He is also responsible for
         noted English translations of Anouilh's Ring around the Moon and The Lark, and Giraudoux's
         Tiger at the Gates and Duel of the Angels, and the film scripts of Ben Hur and Barabbas.
         BARRY MORSE, who will be recognized by US viewers as the co-star of "The Fugitive," began
         his dynamic career at seventeen playing the title role of "Henry V" before King George VI
         and Queen Elizabeth in honor of their coronation. A veteran of some 2000 stages and
         television parts in England, Canada, and the United States, Mr. Morse is a 1932 graduate of
         the Royal Academy, and product of fifteen vigorous years as a leading British actor,
         appearing in plays in London, the provinces, and on BBC television and radio before moving
         to Toronto with his family in 1951. In Canada, his contributions to television have been
         applauded five times with the "Best Actor in Canadian Television" award - 1954, 1956, 1959,
         1961, and 1962. On the stage his most recent major assignment was his starring role in the
         National tour of Harold Pinter's "The Caretaker." PAUL STEVENS has appeared on all the
         major network television series in New York and on the West Coast. In fact, his first
         association with Mr. Morse came when the two appeared together with Ingrid Bergman in "The
         Turn of the Screw," with Mr. Stevens playing Peter Quint. Outside of television, Stevens
         has extensive credits as well - on and off Broadway, in stock, and in the New York
         Shakespeare Festival where he has played Prospero, Romeo, Orlando, and a number of other
         leading parts. He has been featured in such motion pictures as "Exodus" and "Advise and
         Consent." RAMON BIERI, a leading actor in Joseph Papp's New York Shakespeare Festival, has
         played classical and contemporary roles for the McCarter Theater in Princeton, New Jersey,
         the San Juan Drama Festival, the Akron, Ohio, Playhouse, the Boston Summer Theater, and the
         Emerson Players. He was featured off-Broadway in "Mr. Simian" and was a member of the
         touring company of "Gypsy" in which he played the Jack Klugman role. On television he has
         been seen in such series as "East Side, West Side," "Hallmark Hall of Fame," "DuPont Show
         of the Week," "Naked City," and the "Armstrong Circle Theater." JON VOIGHT made his
         Broadway debut as Rolf Gruber in "The Sound of Music." A new face on the stage and
         television, he has already become a nationally recognized talent through his appearances on
         "Naked City," "Camera Three," and "The Defenders." During the past summer he played Mordred
         in the Guber Gross and Ford Production of "Camelot" with Howard Keel as King
         Arthur.</marc:subfield>
      </marc:datafield>
      <marc:datafield tag="337" ind1=" " ind2=" ">
         <marc:subfield code="a">Moving Image</marc:subfield>
         <marc:subfield code="2">MAVIS media type controlled vocabulary</marc:subfield>
      </marc:datafield>
      <marc:datafield tag="024" ind1="8" ind2=" ">
         <marc:subfield code="a">2409145</marc:subfield>
         <marc:subfield code="2">MAVIS Title Number</marc:subfield>
      </marc:datafield>
      <marc:datafield tag="546" ind1=" " ind2=" ">
         <marc:subfield code="a">English</marc:subfield>
      </marc:datafield>
      <marc:datafield tag="653" ind1=" " ind2=" ">
         <marc:subfield code="a">Prisoners of war</marc:subfield>
         <marc:subfield code="0">http://id.loc.gov/authorities/subjects/sh85106971</marc:subfield>
      </marc:datafield>
      <marc:datafield tag="653" ind1=" " ind2=" ">
         <marc:subfield code="a">Dreams</marc:subfield>
         <marc:subfield code="0">http://id.loc.gov/authorities/subjects/sh85039483</marc:subfield>
      </marc:datafield>
      <marc:datafield tag="245" ind1="0" ind2="0">
         <marc:subfield code="a">NET playhouse. A sleep of prisoners.</marc:subfield>
         <marc:subfield code="b">National Educational Television ;
         producer-director, Karl Genus ; associate producer, Jerry Karpf ; associate direct, Jim
         Hartzer ; by Christopher Fry.</marc:subfield>
      </marc:datafield>
      <marc:datafield tag="246" ind1="3" ind2="3">
         <marc:subfield code="a">A sleep of prisoners.</marc:subfield>
      </marc:datafield>
      <marc:datafield tag="655" ind1=" " ind2="0">
         <marc:subfield code="a">Television adaptations
         (lcgft)</marc:subfield>
         <marc:subfield code="0">http://id.loc.gov/authorities/genreForms/gf2011026653\n</marc:subfield>
      </marc:datafield>
      <marc:datafield tag="655" ind1=" " ind2="0">
         <marc:subfield code="a">Fiction television programs
         (lcgft)</marc:subfield>
         <marc:subfield code="0">http://id.loc.gov/authorities/genreForms/gf2011026252\n</marc:subfield>
      </marc:datafield>
   </marc:record>