
   <marc:record>
      <marc:leader>      am         3u     </marc:leader>
      <marc:datafield tag="042" ind1=" " ind2=" ">
         <marc:subfield code="a">dc</marc:subfield>
      </marc:datafield>
      <marc:datafield tag="720" ind1=" " ind2=" ">
         <marc:subfield code="a">Hemmings, David, 1941-2003</marc:subfield>
         <marc:subfield code="e">Cast/Actor</marc:subfield>
         <marc:subfield code="0">http://id.loc.gov/authorities/names/n86138672</marc:subfield>
      </marc:datafield>
      <marc:datafield tag="720" ind1=" " ind2=" ">
         <marc:subfield code="a">National Educational Television and Radio Center</marc:subfield>
         <marc:subfield code="e">Broadcaster</marc:subfield>
         <marc:subfield code="0">http://id.loc.gov/authorities/names/n80050382</marc:subfield>
      </marc:datafield>
      <marc:datafield tag="720" ind1=" " ind2=" ">
         <marc:subfield code="a">National
         Educational Television and Radio Center</marc:subfield>
         <marc:subfield code="e">Presenter</marc:subfield>
         <marc:subfield code="0">http://id.loc.gov/authorities/names/n80050382</marc:subfield>
      </marc:datafield>
      <marc:datafield tag="720" ind1=" " ind2=" ">
         <marc:subfield code="a">Rogers, Eric,
         1921-1981</marc:subfield>
         <marc:subfield code="e">Music Director/Music Supervision</marc:subfield>
         <marc:subfield code="0">http://id.loc.gov/authorities/names/n94097004</marc:subfield>
      </marc:datafield>
      <marc:datafield tag="720" ind1=" " ind2=" ">
         <marc:subfield code="a">Lawrence, Delphi</marc:subfield>
         <marc:subfield code="e">Cast/Actor</marc:subfield>
      </marc:datafield>
      <marc:datafield tag="720" ind1=" " ind2=" ">
         <marc:subfield code="a">Schofield, Katherine</marc:subfield>
         <marc:subfield code="e">Cast/Actor</marc:subfield>
         <marc:subfield code="0">http://id.loc.gov/authorities/names/no98069560</marc:subfield>
      </marc:datafield>
      <marc:datafield tag="720" ind1=" " ind2=" ">
         <marc:subfield code="a">Burn, Jonathan</marc:subfield>
         <marc:subfield code="e">Cast/Actor</marc:subfield>
      </marc:datafield>
      <marc:datafield tag="720" ind1=" " ind2=" ">
         <marc:subfield code="a">Stoney,
         Kevin</marc:subfield>
         <marc:subfield code="e">Cast/Actor</marc:subfield>
         <marc:subfield code="0">http://id.loc.gov/authorities/names/no2011025622</marc:subfield>
      </marc:datafield>
      <marc:datafield tag="720" ind1=" " ind2=" ">
         <marc:subfield code="a">Dinnen, Janice</marc:subfield>
         <marc:subfield code="e">Cast/Actor</marc:subfield>
      </marc:datafield>
      <marc:datafield tag="720" ind1=" " ind2=" ">
         <marc:subfield code="a">British Broadcasting Corporation</marc:subfield>
         <marc:subfield code="e">Production Company</marc:subfield>
         <marc:subfield code="0">http://id.loc.gov/authorities/names/n79074359</marc:subfield>
      </marc:datafield>
      <marc:datafield tag="720" ind1=" " ind2=" ">
         <marc:subfield code="a">Seymour,
         Alan</marc:subfield>
         <marc:subfield code="e">Writer</marc:subfield>
         <marc:subfield code="0">http://id.loc.gov/authorities/names/n90667970</marc:subfield>
      </marc:datafield>
      <marc:datafield tag="720" ind1=" " ind2=" ">
         <marc:subfield code="a">Chessid, Kay</marc:subfield>
         <marc:subfield code="e">Producer</marc:subfield>
      </marc:datafield>
      <marc:datafield tag="720" ind1=" " ind2=" ">
         <marc:subfield code="a">MacTaggart,
         James</marc:subfield>
         <marc:subfield code="e">Producer</marc:subfield>
         <marc:subfield code="0">http://id.loc.gov/authorities/names/no00006001</marc:subfield>
      </marc:datafield>
      <marc:datafield tag="260" ind1=" " ind2=" ">
         <marc:subfield code="c">1968-1-5</marc:subfield>
      </marc:datafield>
      <marc:datafield tag="520" ind1=" " ind2=" ">
         <marc:subfield code="a">From NET microfiche, file A: Program Description: "Auto Stop" is the story of
         a young Englishman's coming of age through the means of a hitchhiking trip across the
         European continent. The time is the beginning of summer; the place is London; and the
         setting a lady's apartment late at night. Federika, a beautiful, continental
         woman-of-the-world has just told a callow young Englishman, who is enamored of her, to go
         out and see some of the rest of the world. When he has the "great European experience,"
         then he can come back to her. So young Henry, with a knapsack on his back and not much
         money in his pocket, begins his summer odyssey. But, unlike Homer's voyage, this young
         traveler heads for Greece, hitchhiking by way of Paris, Rome, southern Italy and the island
         of Corfu. Most of the time, though, his guide book is neglected, for he is preoccupied in
         meeting, loving, and breaking the hearts of the beautiful and willing girls he meets along
         the way - blonde Norwegian Karen, Moya from Australia, and the modern American, Rosaleen.
         In Athens he finally receives a message from London, from Frederika - an empty envelope.
         Mystified and disillusioned, he heads back home, this time traveling through Belgrade,
         Budapest, Vienna, Munich, Dachau and Strasburg, meeting people and seeing the countries
         with new understanding. At the end of summer, back in London, he calls on Frederika only to
         find that she has forgotten all about him. But to his surprise, he finds that he doesn't
         care, for the trip has indeed been a success - he has grown up. British actor David
         Hemmings (star of Antonioni's prize-winning film, "Blow Up"), makes his American television
         debut in this production of "Auto Stop," in the role of Henry. Starring with him are Delphi
         Lawrence as Frederika; Kevin Stoney as Marcello; and Janice Dinnen as Moya. The Cast: Henry
         - David Hemmings Aryan - John Trigger Federika - Delphi Lawrence Ernie - David Lander
         Pietro - Gino Melvazzi Rosaleen - Catherine Griller Jed - Hal Hamilton Marcello - Kevin
         Stoney Domenico - Gino Cola Karin - Katherine Schofield Maria - Bettine Le Beau Bruno -
         Jonathan Burn Dimitrious - George Zenios Moya - Janice Dinnen Gingo - Ken Wayne Greek girl
         - Doola Economou Milos - Adrian Drotsky Janos - David Pinner Austrian - Gertan Klauber
         Kreuz - Michael Ritterman Waitress - Deirdre Turner Music by Eric Rogers Bazould dancing
         arranged by Andrikos Adonis Graphics by Ken Brazier Lighting: Gerry Millerson NET
         Playhouse: "Auto Stop" is a National Educational Television presentation, produced by James
         MacTaggart for the British Broadcasting Corporation. It was directed by Brian Parker.
         Written by Alan Seymour. Producer for NET was Kay Chessid.</marc:subfield>
      </marc:datafield>
      <marc:datafield tag="024" ind1="8" ind2=" ">
         <marc:subfield code="a">2430461</marc:subfield>
         <marc:subfield code="2">MAVIS Title Number</marc:subfield>
      </marc:datafield>
      <marc:datafield tag="024" ind1="8" ind2=" ">
         <marc:subfield code="a">NPAS</marc:subfield>
         <marc:subfield code="2">NET/PBS NOLA</marc:subfield>
      </marc:datafield>
      <marc:datafield tag="024" ind1="8" ind2=" ">
         <marc:subfield code="a">0 (PBS-1994.xls Excel spreadsheet)</marc:subfield>
         <marc:subfield code="2">NET/PBS number</marc:subfield>
      </marc:datafield>
      <marc:datafield tag="024" ind1="8" ind2=" ">
         <marc:subfield code="a">66 (NET microfiche)</marc:subfield>
         <marc:subfield code="2">NET/PBS number</marc:subfield>
      </marc:datafield>
      <marc:datafield tag="653" ind1=" " ind2=" ">
         <marc:subfield code="a">Europe</marc:subfield>
         <marc:subfield code="0">http://id.loc.gov/authorities/subjects/sh85045631</marc:subfield>
      </marc:datafield>
      <marc:datafield tag="653" ind1=" " ind2=" ">
         <marc:subfield code="a">Voyages and travels</marc:subfield>
         <marc:subfield code="0">http://id.loc.gov/authorities/subjects/sh85144443</marc:subfield>
      </marc:datafield>
      <marc:datafield tag="653" ind1=" " ind2=" ">
         <marc:subfield code="a">Backpacking</marc:subfield>
         <marc:subfield code="0">http://id.loc.gov/authorities/subjects/sh85010802</marc:subfield>
      </marc:datafield>
      <marc:datafield tag="245" ind1="0" ind2="0">
         <marc:subfield code="a">NET playhouse. Auto stop.</marc:subfield>
         <marc:subfield code="b">For the British Broadcasting Corporation ;
         National Educational Television presentation ; produced by James MacTaggart ; director,
         Brian Parker ; writer, Alan Seymour ; producer for NET, Kay Chessid.</marc:subfield>
      </marc:datafield>
      <marc:datafield tag="246" ind1="3" ind2="3">
         <marc:subfield code="a">Auto stop.</marc:subfield>
      </marc:datafield>
      <marc:datafield tag="246" ind1="3" ind2="3">
         <marc:subfield code="a">NET playhouse. [No. 66], Auto stop.</marc:subfield>
      </marc:datafield>
      <marc:datafield tag="655" ind1=" " ind2="0">
         <marc:subfield code="a">Coming-of-age television programs
         (lcgft)</marc:subfield>
         <marc:subfield code="0">http://id.loc.gov/authorities/genreForms/gf2011026149</marc:subfield>
      </marc:datafield>
      <marc:datafield tag="655" ind1=" " ind2="0">
         <marc:subfield code="a">Fiction television programs
         (lcgft)</marc:subfield>
         <marc:subfield code="0">http://id.loc.gov/authorities/genreForms/gf2011026252\n</marc:subfield>
      </marc:datafield>
   </marc:record>