
   <marc:record>
      <marc:leader>      am         3u     </marc:leader>
      <marc:datafield tag="042" ind1=" " ind2=" ">
         <marc:subfield code="a">dc</marc:subfield>
      </marc:datafield>
      <marc:datafield tag="720" ind1=" " ind2=" ">
         <marc:subfield code="a">National Educational Television and Radio Center</marc:subfield>
         <marc:subfield code="e">Broadcaster</marc:subfield>
         <marc:subfield code="0">http://id.loc.gov/authorities/names/n80050382</marc:subfield>
      </marc:datafield>
      <marc:datafield tag="720" ind1=" " ind2=" ">
         <marc:subfield code="a">Mimica,
         Vatroslav</marc:subfield>
         <marc:subfield code="e">Writer</marc:subfield>
         <marc:subfield code="0">http://id.loc.gov/authorities/names/no2014053816</marc:subfield>
      </marc:datafield>
      <marc:datafield tag="720" ind1=" " ind2=" ">
         <marc:subfield code="a">Zagreb-film</marc:subfield>
         <marc:subfield code="e">Production Company</marc:subfield>
         <marc:subfield code="0">http://id.loc.gov/authorities/names/n80036650</marc:subfield>
      </marc:datafield>
      <marc:datafield tag="720" ind1=" " ind2=" ">
         <marc:subfield code="a">Dragic,
         Nedeljko</marc:subfield>
         <marc:subfield code="e">Director</marc:subfield>
         <marc:subfield code="0">http://id.loc.gov/authorities/names/n81108073</marc:subfield>
      </marc:datafield>
      <marc:datafield tag="260" ind1=" " ind2=" ">
         <marc:subfield code="c">1968-1-5</marc:subfield>
      </marc:datafield>
      <marc:datafield tag="520" ind1=" " ind2=" ">
         <marc:subfield code="a">From NET microfiche, file A: Filler for Auto Stop Description: The filler to
         be run with "Auto Stop" is a black-and-white animated short from Yugoslavia entitled,
         "Tamer of Wild Horses," running 7:48. A mall, club-wielding man meets, on a vast deserted
         open space, a huge immobile horse. Climbing on its back, he attempts to ride it. The horse
         is transformed (while still retaining its form) into a gigantic mechanism, a power engine
         every inch of which is covered with gears, bolts, etc. It tries to destroy the man even as
         the man tried to tame it. The man continues, eventually finding a trap door on the horse
         into which he climbs. He finds the horse hollow. Again he mounts the horse which becomes
         transformed into a white winged Pegasus, and the two ride off into the night skies. "Tamer
         of Wild Horses" was made by Zagred animation studio, directed by Dragic, written by Mimica,
         and produced by Matko. This is the film's first television showing.</marc:subfield>
      </marc:datafield>
      <marc:datafield tag="024" ind1="8" ind2=" ">
         <marc:subfield code="a">2308057</marc:subfield>
         <marc:subfield code="2">MAVIS Title Number</marc:subfield>
      </marc:datafield>
      <marc:datafield tag="245" ind1="0" ind2="0">
         <marc:subfield code="a">Tamer of wild horses.</marc:subfield>
         <marc:subfield code="b">Zagred animation studio ; producer, Matko ;
         directed by [Nedeljko Dragic] ; writer, [Vastrolav Mimica].</marc:subfield>
      </marc:datafield>
      <marc:datafield tag="655" ind1=" " ind2="0">
         <marc:subfield code="a">Animated television programs
         (lcgft)</marc:subfield>
         <marc:subfield code="0">http://id.loc.gov/authorities/genreForms/gf2011026050\n</marc:subfield>
      </marc:datafield>
      <marc:datafield tag="655" ind1=" " ind2="0">
         <marc:subfield code="a">Short films (lcgft)</marc:subfield>
         <marc:subfield code="0">http://id.loc.gov/authorities/genreForms/gf2011026570</marc:subfield>
      </marc:datafield>
   </marc:record>