
   <marc:record>
      <marc:leader>      am         3u     </marc:leader>
      <marc:datafield tag="042" ind1=" " ind2=" ">
         <marc:subfield code="a">dc</marc:subfield>
      </marc:datafield>
      <marc:datafield tag="720" ind1=" " ind2=" ">
         <marc:subfield code="a">National Educational Television and Radio Center</marc:subfield>
         <marc:subfield code="e">Broadcaster</marc:subfield>
         <marc:subfield code="0">http://id.loc.gov/authorities/names/n80050382</marc:subfield>
      </marc:datafield>
      <marc:datafield tag="720" ind1=" " ind2=" ">
         <marc:subfield code="a">National
         Educational Television and Radio Center</marc:subfield>
         <marc:subfield code="e">Presenter</marc:subfield>
         <marc:subfield code="0">http://id.loc.gov/authorities/names/n80050382</marc:subfield>
      </marc:datafield>
      <marc:datafield tag="720" ind1=" " ind2=" ">
         <marc:subfield code="a">Fokine, Michel</marc:subfield>
         <marc:subfield code="e">Choreographer</marc:subfield>
         <marc:subfield code="0">http://id.loc.gov/authorities/names/n82093712</marc:subfield>
      </marc:datafield>
      <marc:datafield tag="720" ind1=" " ind2=" ">
         <marc:subfield code="a">Flindt,
         Flemming</marc:subfield>
         <marc:subfield code="e">Dancer</marc:subfield>
         <marc:subfield code="0">http://id.loc.gov/authorities/names/n93038340</marc:subfield>
      </marc:datafield>
      <marc:datafield tag="720" ind1=" " ind2=" ">
         <marc:subfield code="a">Petipa, Marius</marc:subfield>
         <marc:subfield code="e">Choreographer</marc:subfield>
         <marc:subfield code="0">http://id.loc.gov/authorities/names/n85105941</marc:subfield>
      </marc:datafield>
      <marc:datafield tag="720" ind1=" " ind2=" ">
         <marc:subfield code="a">Petipa, Marius</marc:subfield>
         <marc:subfield code="e">Choreographer</marc:subfield>
         <marc:subfield code="0">http://id.loc.gov/authorities/names/n85105941</marc:subfield>
      </marc:datafield>
      <marc:datafield tag="720" ind1=" " ind2=" ">
         <marc:subfield code="a">Petipa, Marius</marc:subfield>
         <marc:subfield code="e">Choreographer</marc:subfield>
         <marc:subfield code="0">http://id.loc.gov/authorities/names/n85105941</marc:subfield>
      </marc:datafield>
      <marc:datafield tag="720" ind1=" " ind2=" ">
         <marc:subfield code="a">Lavrovskii, Mikhail</marc:subfield>
         <marc:subfield code="e">Choreographer</marc:subfield>
         <marc:subfield code="0">http://id.loc.gov/authorities/names/n97858619</marc:subfield>
      </marc:datafield>
      <marc:datafield tag="720" ind1=" " ind2=" ">
         <marc:subfield code="a">Beriosova,
         Svetlana</marc:subfield>
         <marc:subfield code="e">Dancer</marc:subfield>
         <marc:subfield code="0">http://id.loc.gov/authorities/names/n80040483</marc:subfield>
      </marc:datafield>
      <marc:datafield tag="720" ind1=" " ind2=" ">
         <marc:subfield code="a">Plisetskaia, Maiia</marc:subfield>
         <marc:subfield code="e">Dancer</marc:subfield>
      </marc:datafield>
      <marc:datafield tag="720" ind1=" " ind2=" ">
         <marc:subfield code="a">Plisetskaia, Maiia</marc:subfield>
         <marc:subfield code="e">Dancer</marc:subfield>
      </marc:datafield>
      <marc:datafield tag="720" ind1=" " ind2=" ">
         <marc:subfield code="a">Plisetskaia, Maiia</marc:subfield>
         <marc:subfield code="e">Dancer</marc:subfield>
      </marc:datafield>
      <marc:datafield tag="720" ind1=" " ind2=" ">
         <marc:subfield code="a">Plisetskaia, Maiia</marc:subfield>
         <marc:subfield code="e">Dancer</marc:subfield>
      </marc:datafield>
      <marc:datafield tag="720" ind1=" " ind2=" ">
         <marc:subfield code="a">Plisetskaia, Maiia</marc:subfield>
         <marc:subfield code="e">Dancer</marc:subfield>
      </marc:datafield>
      <marc:datafield tag="720" ind1=" " ind2=" ">
         <marc:subfield code="a">Messerer, Asaf</marc:subfield>
         <marc:subfield code="e">Choreographer</marc:subfield>
         <marc:subfield code="0">http://id.loc.gov/authorities/names/nr92002530</marc:subfield>
      </marc:datafield>
      <marc:datafield tag="720" ind1=" " ind2=" ">
         <marc:subfield code="a">Amiel, Josette</marc:subfield>
         <marc:subfield code="e">Dancer</marc:subfield>
      </marc:datafield>
      <marc:datafield tag="720" ind1=" " ind2=" ">
         <marc:subfield code="a">Fadeyechev,
         Nikolai</marc:subfield>
         <marc:subfield code="e">Dancer</marc:subfield>
         <marc:subfield code="0">http://id.loc.gov/authorities/names/no2012033056</marc:subfield>
      </marc:datafield>
      <marc:datafield tag="720" ind1=" " ind2=" ">
         <marc:subfield code="a">Fadeyechev,
         Nikolai</marc:subfield>
         <marc:subfield code="e">Dancer</marc:subfield>
         <marc:subfield code="0">http://id.loc.gov/authorities/names/no2012033056</marc:subfield>
      </marc:datafield>
      <marc:datafield tag="720" ind1=" " ind2=" ">
         <marc:subfield code="a">Fadeyechev,
         Nikolai</marc:subfield>
         <marc:subfield code="e">Dancer</marc:subfield>
         <marc:subfield code="0">http://id.loc.gov/authorities/names/no2012033056</marc:subfield>
      </marc:datafield>
      <marc:datafield tag="720" ind1=" " ind2=" ">
         <marc:subfield code="a">Fadeyechev,
         Nikolai</marc:subfield>
         <marc:subfield code="e">Dancer</marc:subfield>
         <marc:subfield code="0">http://id.loc.gov/authorities/names/no2012033056</marc:subfield>
      </marc:datafield>
      <marc:datafield tag="720" ind1=" " ind2=" ">
         <marc:subfield code="a">Lander, Harald</marc:subfield>
         <marc:subfield code="e">Choreographer</marc:subfield>
         <marc:subfield code="0">http://id.loc.gov/authorities/names/nr2002042054</marc:subfield>
      </marc:datafield>
      <marc:datafield tag="720" ind1=" " ind2=" ">
         <marc:subfield code="a">MacLeary,
         Donald</marc:subfield>
         <marc:subfield code="e">Dancer</marc:subfield>
         <marc:subfield code="0">http://id.loc.gov/authorities/names/no2009047318</marc:subfield>
      </marc:datafield>
      <marc:datafield tag="720" ind1=" " ind2=" ">
         <marc:subfield code="a">Gorskii, Aleksandr Alekseevich</marc:subfield>
         <marc:subfield code="e">Choreographer</marc:subfield>
         <marc:subfield code="0">http://id.loc.gov/authorities/names/n80038204</marc:subfield>
      </marc:datafield>
      <marc:datafield tag="720" ind1=" " ind2=" ">
         <marc:subfield code="a">Tchaikovsky, Peter Ilich</marc:subfield>
         <marc:subfield code="e">Music Composer</marc:subfield>
         <marc:subfield code="0">http://id.loc.gov/authorities/names/n79072979</marc:subfield>
      </marc:datafield>
      <marc:datafield tag="720" ind1=" " ind2=" ">
         <marc:subfield code="a">Tchaikovsky, Peter Ilich</marc:subfield>
         <marc:subfield code="e">Music Composer</marc:subfield>
         <marc:subfield code="0">http://id.loc.gov/authorities/names/n79072979</marc:subfield>
      </marc:datafield>
      <marc:datafield tag="720" ind1=" " ind2=" ">
         <marc:subfield code="a">Bavaria Atelier</marc:subfield>
         <marc:subfield code="e">Production Company</marc:subfield>
         <marc:subfield code="0">http://id.loc.gov/authorities/names/no96058040</marc:subfield>
      </marc:datafield>
      <marc:datafield tag="720" ind1=" " ind2=" ">
         <marc:subfield code="a">Office de radiodiffusion-tlvision franaise</marc:subfield>
         <marc:subfield code="e">Production Company</marc:subfield>
         <marc:subfield code="0">http://id.loc.gov/authorities/names/n80113946</marc:subfield>
      </marc:datafield>
      <marc:datafield tag="720" ind1=" " ind2=" ">
         <marc:subfield code="a">Gluck,
         Christoph Willibald</marc:subfield>
         <marc:subfield code="e">Music Composer</marc:subfield>
         <marc:subfield code="0">http://id.loc.gov/authorities/names/n79135399</marc:subfield>
      </marc:datafield>
      <marc:datafield tag="720" ind1=" " ind2=" ">
         <marc:subfield code="a">Minkus,
         L.</marc:subfield>
         <marc:subfield code="e">Music Composer</marc:subfield>
         <marc:subfield code="0">http://id.loc.gov/authorities/names/n88634811</marc:subfield>
      </marc:datafield>
      <marc:datafield tag="720" ind1=" " ind2=" ">
         <marc:subfield code="a">Prokofiev, Sergey</marc:subfield>
         <marc:subfield code="e">Music Composer</marc:subfield>
         <marc:subfield code="0">http://id.loc.gov/authorities/names/n80020330</marc:subfield>
      </marc:datafield>
      <marc:datafield tag="720" ind1=" " ind2=" ">
         <marc:subfield code="a">Paulli,
         Holger</marc:subfield>
         <marc:subfield code="e">Music Composer</marc:subfield>
         <marc:subfield code="0">http://id.loc.gov/authorities/names/n85313521</marc:subfield>
      </marc:datafield>
      <marc:datafield tag="720" ind1=" " ind2=" ">
         <marc:subfield code="a">Saint-Saens, Camille</marc:subfield>
         <marc:subfield code="e">Music Composer</marc:subfield>
         <marc:subfield code="0">http://id.loc.gov/authorities/names/n50041617</marc:subfield>
      </marc:datafield>
      <marc:datafield tag="260" ind1=" " ind2=" ">
         <marc:subfield code="c">1967-5-26</marc:subfield>
      </marc:datafield>
      <marc:datafield tag="260" ind1=" " ind2=" ">
         <marc:subfield code="c">1970-3-3</marc:subfield>
      </marc:datafield>
      <marc:datafield tag="260" ind1=" " ind2=" ">
         <marc:subfield code="c">1970-2</marc:subfield>
      </marc:datafield>
      <marc:datafield tag="520" ind1=" " ind2=" ">
         <marc:subfield code="a">From NET microfiche: Principal dancers from the Bolshoi Ballet, the Royal
         Ballet of London, the Royal Danish Ballet, and the Paris Opera Ballet perform excerpts from
         Swan Lake, Don Quixote, and Romeo and Juliet, and other great Ballets. "Ballet Gala"
         features solo dancers from some of the world's greatest ballet companies - the Bolshoi
         Ballet of Moscow, the Royal Ballet of London, the Royal Danish Ballet, and the Paris Opera
         Ballet. These dancers perform segments from well-known works. The excerpts performed are
         the following: Melody Music: Christoph Willibald Gluck; Choreography: Asaf Messerer
         Performers: Maya Plisetskaya and Nicolai Fadeyechev of the Bolshoi Ballet, Moscow "Black
         Swan" Pas de Deux Music: Piotr Ilich Tchaikovsky; Choreography: Marius Petipa Performers:
         Maya Plisetskaya and Nicolai Fadeyechev of the Bolshoi Ballet Dying Swan Music: Camille
         Saint Saens; Choreogrpahy: Fokine Performers: Maya Plisetskaya of the Bolshoi Ballet
         Blumenfest in Genzano Music: Holger Simon Paulii; Choreography: Harold Lander after
         Bounonville Performers: Josette Amiel of the Paris Opera and Flemming Flindt of the Royal
         Danish Ballet "Swan Lake" Pas de Deux Music: Piotr Ilich Tchaikovsky; Choreography: Marius
         Petipa Performers: Svetlana Beriosova and Donald MacLeary of the Royal Ballet, London Romeo
         and Juliet (3 excerpts) Music: Serge Prokofiev; Choreography: Lavrovsky Performers: Maya
         Plisetskaya and Nicolai Fadeyechev of the Bolshoi Ballet Don Quixote Music: Ludwig Minkus;
         Choreography: Marius Petipa revised by Alexander Gorsky Performers: Maya Plisetskaya and
         Nicolai Fadeyechev The Dancers Maya Plisetskaya joined the Bolshoi Ballet School when she
         was eight years old and made her debut in 1943. Since then she has danced the leading roles
         in such works as "Romeo and Juliet," "Don Quixote," and "The Little hump-backed horse," and
         has also added teaching to her schedule at the Bolshoi. "Of all the dancers in the
         Bolshoi," wrote critic John Martin, "Plisetskaya appears to be the most individual"
         Nicolai Fadeyechev joined the Bolshoi Ballet School while still in elementary school.
         During his second year after his stage debut, he was given the leading role of the prince
         in Swan Lake. An ideal dancer for classical roles, since then he has danced with unfailing
         success the leads in many ballets, as well as in two film ballets - "Giselle" opposite
         Ulanova and "Swan Lake" opposite Plisetskaya. Josette Amiel is the premiere danseuse etoile
         of the Paris Opera Ballet. She began her ballet studies with Alexander Volinine, went to
         the Opera Comique in Paris, and subsequently the Paris Opera Ballet. She was engaged at the
         Paris Opera in the corps de ballet, but after only three years she was designated premiere
         danseuse and has been hailed for her performances in "Oberon," "La Belle Helene" and other
         works. Miss Amiel's quest appearances have included the Chicago Opera Ballet, the Royal
         Danish Ballet, and the Rome Opera Ballet. Flemming Flindt started dancing at age seven, and
         at age nine joined the Royal Danish Ballet School as one of its most promising students.
         When he was 18 he was invited to join the London Festival Ballet and spent two years with
         them, coached and assisted by Anton Dolan and performing in many lead roles. In 1957 Flindy
         joined the Royal Danish Ballet as solo dancer. In 1966 he became its General Director, the
         youngest in the company's more than 250-year history. Svetlana Beriosova is Lithuanian-born
         and comes from a family involved in ballet. She began dancing at age eight, continuing her
         studies with Balanchine in New York, Olga Preobrajenska in Paris, and Vera Volkovan in
         London. She became associated with the Royal Ballet of London after experience with the
         Grand Ballet de Monte Carlo, the Sadler's Wells Theatre Ballet and other companies. Donald
         MacLeary trained at the Royal Ballet School, London, and joined the company in 1954. The
         following year he was promoted to soloist and in 1959 he was made a premier danseur. He has
         partnered Svetlana Beriosova on most of her appearances abroad, and they have created many
         modern roles together. Performances by Maya Plisetskaya and Nicolai Fadeyechev recorded by
         O.R.T.F., Paris, and directed by Pierre Viallet. Performances by Josette Amiel, Svetlana
         Beriosova, Fleming Flindt, and Donald MacLeary recorded by Bavaria Atelier, G.M.G.H., and
         directed by Kurt Jacob.</marc:subfield>
      </marc:datafield>
      <marc:datafield tag="337" ind1=" " ind2=" ">
         <marc:subfield code="a">Moving Image</marc:subfield>
         <marc:subfield code="2">MAVIS media type controlled vocabulary</marc:subfield>
      </marc:datafield>
      <marc:datafield tag="024" ind1="8" ind2=" ">
         <marc:subfield code="a">2047564</marc:subfield>
         <marc:subfield code="2">MAVIS Title Number</marc:subfield>
      </marc:datafield>
      <marc:datafield tag="024" ind1="8" ind2=" ">
         <marc:subfield code="a">35-185-05-11C</marc:subfield>
         <marc:subfield code="2">Undetermined</marc:subfield>
      </marc:datafield>
      <marc:datafield tag="024" ind1="8" ind2=" ">
         <marc:subfield code="a">34 (NET playhouse)</marc:subfield>
         <marc:subfield code="2">NET/PBS number</marc:subfield>
      </marc:datafield>
      <marc:datafield tag="024" ind1="8" ind2=" ">
         <marc:subfield code="a">110 (NET festival)</marc:subfield>
         <marc:subfield code="2">NET/PBS number</marc:subfield>
      </marc:datafield>
      <marc:datafield tag="024" ind1="8" ind2=" ">
         <marc:subfield code="a">NPBG</marc:subfield>
         <marc:subfield code="2">NET/PBS NOLA</marc:subfield>
      </marc:datafield>
      <marc:datafield tag="024" ind1="8" ind2=" ">
         <marc:subfield code="a">CA-263</marc:subfield>
         <marc:subfield code="2">Undetermined</marc:subfield>
      </marc:datafield>
      <marc:datafield tag="546" ind1=" " ind2=" ">
         <marc:subfield code="a">English</marc:subfield>
      </marc:datafield>
      <marc:datafield tag="653" ind1=" " ind2=" ">
         <marc:subfield code="a">Ballets--Excerpts</marc:subfield>
         <marc:subfield code="0">http://id.loc.gov/authorities/subjects/sh85011295</marc:subfield>
      </marc:datafield>
      <marc:datafield tag="245" ind1="0" ind2="0">
         <marc:subfield code="a">NET playhouse. Ballet gala.</marc:subfield>
         <marc:subfield code="b">a National Educational Television presentation
         ; NET producer, Tom Slevin ; director (for O.R.T.F.), Pierre Viallet ; director (for
         Bavaria Atelier, G.M.G.H.), Kurt Jacob.</marc:subfield>
      </marc:datafield>
      <marc:datafield tag="246" ind1="3" ind2="3">
         <marc:subfield code="a">Ballet gala.</marc:subfield>
      </marc:datafield>
      <marc:datafield tag="246" ind1="3" ind2="3">
         <marc:subfield code="a">NET festival. Ballet gala.</marc:subfield>
      </marc:datafield>
      <marc:datafield tag="246" ind1="3" ind2="3">
         <marc:subfield code="a">NET playhouse. [1967-05-26]. Ballet gala.</marc:subfield>
      </marc:datafield>
      <marc:datafield tag="246" ind1="3" ind2="3">
         <marc:subfield code="a">NET festival. [1970-03-03]. Ballet gala.</marc:subfield>
      </marc:datafield>
      <marc:datafield tag="246" ind1="3" ind2="3">
         <marc:subfield code="a">NET playhouse. [No. 34], Ballet gala.</marc:subfield>
      </marc:datafield>
      <marc:datafield tag="246" ind1="3" ind2="3">
         <marc:subfield code="a">NET festival. [No. 110], Ballet gala.</marc:subfield>
      </marc:datafield>
      <marc:datafield tag="655" ind1=" " ind2="0">
         <marc:subfield code="a">Nonfiction television programs
         (lcgft)</marc:subfield>
         <marc:subfield code="0">http://id.loc.gov/authorities/genreForms/gf2011026425</marc:subfield>
      </marc:datafield>
      <marc:datafield tag="655" ind1=" " ind2="0">
         <marc:subfield code="a">Televised dance (lcgft)</marc:subfield>
         <marc:subfield code="0">http://id.loc.gov/authorities/genreForms/gf2011026638</marc:subfield>
      </marc:datafield>
   </marc:record>