
   <marc:record>
      <marc:leader>      am         3u     </marc:leader>
      <marc:datafield tag="042" ind1=" " ind2=" ">
         <marc:subfield code="a">dc</marc:subfield>
      </marc:datafield>
      <marc:datafield tag="720" ind1=" " ind2=" ">
         <marc:subfield code="a">Adrian,
         Max</marc:subfield>
         <marc:subfield code="e">Cast/Actor</marc:subfield>
         <marc:subfield code="0">http://id.loc.gov/authorities/names/n85199193</marc:subfield>
      </marc:datafield>
      <marc:datafield tag="720" ind1=" " ind2=" ">
         <marc:subfield code="a">Educational Broadcasting Corporation. NET Division</marc:subfield>
         <marc:subfield code="e">Presenter</marc:subfield>
         <marc:subfield code="0">http://id.loc.gov/authorities/names/n81076889</marc:subfield>
      </marc:datafield>
      <marc:datafield tag="720" ind1=" " ind2=" ">
         <marc:subfield code="a">Gable,
         Christopher</marc:subfield>
         <marc:subfield code="e">Cast/Actor</marc:subfield>
         <marc:subfield code="0">http://id.loc.gov/authorities/names/n97872529</marc:subfield>
      </marc:datafield>
      <marc:datafield tag="720" ind1=" " ind2=" ">
         <marc:subfield code="a">Pryor,
         Maureen</marc:subfield>
         <marc:subfield code="e">Cast/Actor</marc:subfield>
         <marc:subfield code="0">http://id.loc.gov/authorities/names/no2013014473</marc:subfield>
      </marc:datafield>
      <marc:datafield tag="720" ind1=" " ind2=" ">
         <marc:subfield code="a">Collings, David</marc:subfield>
         <marc:subfield code="e">Cast/Actor</marc:subfield>
         <marc:subfield code="0">http://id.loc.gov/authorities/names/n2011028501</marc:subfield>
      </marc:datafield>
      <marc:datafield tag="720" ind1=" " ind2=" ">
         <marc:subfield code="a">British Broadcasting Corporation</marc:subfield>
         <marc:subfield code="e">Production Company</marc:subfield>
         <marc:subfield code="0">http://id.loc.gov/authorities/names/n79074359</marc:subfield>
      </marc:datafield>
      <marc:datafield tag="720" ind1=" " ind2=" ">
         <marc:subfield code="a">Venza, Jac</marc:subfield>
         <marc:subfield code="e">Executive Producer</marc:subfield>
         <marc:subfield code="0">http://id.loc.gov/authorities/names/no93017967</marc:subfield>
      </marc:datafield>
      <marc:datafield tag="720" ind1=" " ind2=" ">
         <marc:subfield code="a">Russell, Ken,
         1927-2011</marc:subfield>
         <marc:subfield code="e">Producer</marc:subfield>
         <marc:subfield code="0">http://id.loc.gov/authorities/names/n79056862</marc:subfield>
      </marc:datafield>
      <marc:datafield tag="720" ind1=" " ind2=" ">
         <marc:subfield code="a">Russell, Ken,
         1927-2011</marc:subfield>
         <marc:subfield code="e">Director</marc:subfield>
         <marc:subfield code="0">http://id.loc.gov/authorities/names/n79056862</marc:subfield>
      </marc:datafield>
      <marc:datafield tag="260" ind1=" " ind2=" ">
         <marc:subfield code="c">1969-6-26</marc:subfield>
      </marc:datafield>
      <marc:datafield tag="260" ind1=" " ind2=" ">
         <marc:subfield code="c">1970-1-22</marc:subfield>
      </marc:datafield>
      <marc:datafield tag="260" ind1=" " ind2=" ">
         <marc:subfield code="c">1971-5-27</marc:subfield>
      </marc:datafield>
      <marc:datafield tag="520" ind1=" " ind2=" ">
         <marc:subfield code="a">From NET microfiche: Ken Russell's third and final contribution to the
         biography series is a film which, having been telecast previously on NET Playhouse,
         represents one of the most highly acclaimed programs ever shown by NET. "A Song of Summer,"
         said Life magazine film reviewer Richard Schickel, "may be television's finest hour of
         drama." (And in a recent article for Harper's, Schickel referred to the film as "the best
         dramatic television program I've ever seen.) The New York Times television critic George
         Gent said the film was "easily the best dramatic portrait of the contradictions of the
         artistic temperament that this viewer has seen on television." English composer Frederick
         Delius (1862-1934) was blind and paralyzed in the final years of his life. Nevertheless he
         wrote several of his major works during that period (including "A Song of Summer"), thanks
         in large measure to the aid of a young musician - an organist named Eric Fenby - who came
         to the composer's side upon learning of his afflictions. Fenby today is professor of
         harmony at London's Royal Academy of Music. He is the author of the book "Delius as I Knew
         Him," upon which this film is based. "A Song of Summer," starring Max Adrian as the
         composer, tells the story of the final years of Delius' life as seen through the eyes of
         Fenby. Learning that Delius, who was living in France, was unable to continue work, Fenby
         felt an almost mystic calling to go to him and offer help. The film portrays the dream of
         the years which Fenby spent in the strange and sometimes frightening Delius household, and
         of the handicaps which both men had to overcome before the composer could make use of his
         talent again. The Cast: Frederick Delius - Max Adrian Eric Fenby - Christopher Gable Jalka
         Delius - Maureen Pryor Percy Grainger - David Collings Suggested Newspaper Listing: "NET
         Playhouse Biography: Frederick Delius" - Max Adrian stars in "A Song of Summer," Ken
         Russell's highly acclaimed film about composer Frederick Delius who, with the aid of a
         friend, overcame blindness and paralysis in his final years to write some of greatest
         works. "NET Playhouse Biography: Frederick Delius" ("A Song of Summer") is a presentation
         of NET Divisions, Educational Broadcasting Corporation, produced by the British
         Broadcasting Corporation. Produced and directed by Ken Russell NET Playhouse executive
         producer: Jac Venza FILLER INFORMATION: The filler material for NET Playhouse #143 - "A
         Song of Summer," is a black and white short from Poland entitled "People of the Road,"
         running a litter over 10 minutes. It is a mood piece - a series of impressions of a
         traveling circus. We see performers sleeping in their caravans as they approach the next
         small town; bears being fed in the early morning light; an acrobat standing on his head,
         cigarette between his lips, practicing a feat of drawing on another pair of pants on his
         upended torso. There is no dialogue, only a lyrical harmonica accompaniment. The tent is
         put up, town children stare with awed fascination at the monkeys, and the performers put on
         their makeup. The film ends as the music begins to signal the start of the
         circus.</marc:subfield>
      </marc:datafield>
      <marc:datafield tag="024" ind1="8" ind2=" ">
         <marc:subfield code="a">2439862</marc:subfield>
         <marc:subfield code="2">MAVIS Title Number</marc:subfield>
      </marc:datafield>
      <marc:datafield tag="024" ind1="8" ind2=" ">
         <marc:subfield code="a">NETP</marc:subfield>
         <marc:subfield code="2">NET/PBS NOLA</marc:subfield>
      </marc:datafield>
      <marc:datafield tag="024" ind1="8" ind2=" ">
         <marc:subfield code="a">0 (PBS-1994.xls Excel spreadsheet)</marc:subfield>
         <marc:subfield code="2">NET/PBS number</marc:subfield>
      </marc:datafield>
      <marc:datafield tag="024" ind1="8" ind2=" ">
         <marc:subfield code="a">143 (NET microfiche)</marc:subfield>
         <marc:subfield code="2">NET/PBS number</marc:subfield>
      </marc:datafield>
      <marc:datafield tag="024" ind1="8" ind2=" ">
         <marc:subfield code="a">173 (NET microfiche)</marc:subfield>
         <marc:subfield code="2">NET/PBS number</marc:subfield>
      </marc:datafield>
      <marc:datafield tag="024" ind1="8" ind2=" ">
         <marc:subfield code="a">241 (NET microfiche)</marc:subfield>
         <marc:subfield code="2">NET/PBS number</marc:subfield>
      </marc:datafield>
      <marc:datafield tag="653" ind1=" " ind2=" ">
         <marc:subfield code="a"/>
      </marc:datafield>
      <marc:datafield tag="653" ind1=" " ind2=" ">
         <marc:subfield code="a">Delius, Frederick</marc:subfield>
         <marc:subfield code="0">http://id.loc.gov/authorities/names/n79084111</marc:subfield>
      </marc:datafield>
      <marc:datafield tag="245" ind1="0" ind2="0">
         <marc:subfield code="a">NET playhouse biography. Frederick Delius--a song of
         summer.</marc:subfield>
         <marc:subfield code="b">British Broadcasting Corporation ;
         presentation of NET Divisions, Educational Broadcasting Corporation ; producer-director,
         Ken Russell ; NET playhouse executive producer, Jac Venza.</marc:subfield>
      </marc:datafield>
      <marc:datafield tag="246" ind1="3" ind2="3">
         <marc:subfield code="a">Frederick Delius--a song of
         summer.</marc:subfield>
      </marc:datafield>
      <marc:datafield tag="246" ind1="3" ind2="3">
         <marc:subfield code="a">A song of summer.</marc:subfield>
      </marc:datafield>
      <marc:datafield tag="246" ind1="3" ind2="3">
         <marc:subfield code="a">NET playhouse. Frederick Delius--a song of
         summer.</marc:subfield>
      </marc:datafield>
      <marc:datafield tag="246" ind1="3" ind2="3">
         <marc:subfield code="a">NET playhouse. [241], NET playhouse biography.
         Frederick Delius--a song of summer.</marc:subfield>
      </marc:datafield>
      <marc:datafield tag="246" ind1="3" ind2="3">
         <marc:subfield code="a">NET playhouse. [No. 173], NET playhouse biography.
         Frederick Delius--a song of summer.</marc:subfield>
      </marc:datafield>
      <marc:datafield tag="246" ind1="3" ind2="3">
         <marc:subfield code="a">NET playhouse. [No. 241], NET playhouse biography.
         Frederick Delius--a song of summer.</marc:subfield>
      </marc:datafield>
      <marc:datafield tag="655" ind1=" " ind2="0">
         <marc:subfield code="a">Biographical television programs
         (lcgft)</marc:subfield>
         <marc:subfield code="0">http://id.loc.gov/authorities/genreForms/gf2011026091</marc:subfield>
      </marc:datafield>
      <marc:datafield tag="655" ind1=" " ind2="0">
         <marc:subfield code="a">Fiction television programs
         (lcgft)</marc:subfield>
         <marc:subfield code="0">http://id.loc.gov/authorities/genreForms/gf2011026252\n</marc:subfield>
      </marc:datafield>
   </marc:record>