
   <marc:record>
      <marc:leader>      am         3u     </marc:leader>
      <marc:datafield tag="042" ind1=" " ind2=" ">
         <marc:subfield code="a">dc</marc:subfield>
      </marc:datafield>
      <marc:datafield tag="520" ind1=" " ind2=" ">
         <marc:subfield code="a">From NET microfiche, file F: FILLER INFORMATION: The filler material for NET
         Playhouse #143 - "A Song of Summer," is a black and white short from Poland entitled
         "People of the Road," running a little over 10 minutes. It is a mood piece - a series of
         impressions of a traveling circus. We see performers sleeping in their caravans as they
         approach the next small town; bears being fed in the early morning light; an acrobat
         standing on his head, cigarette between his lips, practicing a feat of drawing on another
         pair of pants on his upended torso. There is no dialogue, only a lyrical harmonica
         accompaniment. The tent is put up, town children stare with awed fascination at the
         monkeys, and the performers put on their makeup. The film ends as the music begins to
         signal the start of the circus.</marc:subfield>
      </marc:datafield>
      <marc:datafield tag="024" ind1="8" ind2=" ">
         <marc:subfield code="a">2439863</marc:subfield>
         <marc:subfield code="2">MAVIS Title Number</marc:subfield>
      </marc:datafield>
      <marc:datafield tag="024" ind1="8" ind2=" ">
         <marc:subfield code="a">0 (PBS-1994.xls Excel spreadsheet)</marc:subfield>
         <marc:subfield code="2">NET/PBS number</marc:subfield>
      </marc:datafield>
      <marc:datafield tag="653" ind1=" " ind2=" ">
         <marc:subfield code="a">Circus</marc:subfield>
         <marc:subfield code="0">http://id.loc.gov/authorities/subjects/sh85026080</marc:subfield>
      </marc:datafield>
      <marc:datafield tag="245" ind1="0" ind2="0">
         <marc:subfield code="a">People of the road.</marc:subfield>
      </marc:datafield>
      <marc:datafield tag="655" ind1=" " ind2="0">
         <marc:subfield code="a">Fiction television programs
         (lcgft)</marc:subfield>
         <marc:subfield code="0">http://id.loc.gov/authorities/genreForms/gf2011026252\n</marc:subfield>
      </marc:datafield>
   </marc:record>