
   <marc:record>
      <marc:leader>      am         3u     </marc:leader>
      <marc:datafield tag="042" ind1=" " ind2=" ">
         <marc:subfield code="a">dc</marc:subfield>
      </marc:datafield>
      <marc:datafield tag="720" ind1=" " ind2=" ">
         <marc:subfield code="a">Auberjonois, Rene</marc:subfield>
         <marc:subfield code="e">Cast/Actor</marc:subfield>
         <marc:subfield code="0">http://id.loc.gov/authorities/names/n91072570</marc:subfield>
      </marc:datafield>
      <marc:datafield tag="720" ind1=" " ind2=" ">
         <marc:subfield code="a">Public
         Broadcasting Service</marc:subfield>
         <marc:subfield code="e">Broadcaster</marc:subfield>
         <marc:subfield code="0">http://id.loc.gov/authorities/names/n86134532</marc:subfield>
      </marc:datafield>
      <marc:datafield tag="720" ind1=" " ind2=" ">
         <marc:subfield code="a">WNET
         (Television station : New York, N.Y.)</marc:subfield>
         <marc:subfield code="e">Presenter</marc:subfield>
         <marc:subfield code="0">http://id.loc.gov/authorities/names/n80014556</marc:subfield>
      </marc:datafield>
      <marc:datafield tag="720" ind1=" " ind2=" ">
         <marc:subfield code="a">Bettger, Lyle</marc:subfield>
         <marc:subfield code="e">Cast/Actor</marc:subfield>
         <marc:subfield code="0">http://id.loc.gov/authorities/names/no92028768</marc:subfield>
      </marc:datafield>
      <marc:datafield tag="720" ind1=" " ind2=" ">
         <marc:subfield code="a">Schmidtke, Ned</marc:subfield>
         <marc:subfield code="e">Cast/Actor</marc:subfield>
         <marc:subfield code="0">http://id.loc.gov/authorities/names/n92014741</marc:subfield>
      </marc:datafield>
      <marc:datafield tag="720" ind1=" " ind2=" ">
         <marc:subfield code="a">Miller,
         Michael, 1931-1983</marc:subfield>
         <marc:subfield code="e">Cast/Actor</marc:subfield>
         <marc:subfield code="0">http://id.loc.gov/authorities/names/no2010086554</marc:subfield>
      </marc:datafield>
      <marc:datafield tag="720" ind1=" " ind2=" ">
         <marc:subfield code="a">Goldsmith, Paul
         (Cinematographer)</marc:subfield>
         <marc:subfield code="e">Cinematographer/Director of Photography</marc:subfield>
         <marc:subfield code="0">http://id.loc.gov/authorities/names/no2015092333</marc:subfield>
      </marc:datafield>
      <marc:datafield tag="720" ind1=" " ind2=" ">
         <marc:subfield code="a">Brock, Norris</marc:subfield>
         <marc:subfield code="e">Cinematographer/Director of Photography</marc:subfield>
         <marc:subfield code="0">http://id.loc.gov/authorities/names/n85368392</marc:subfield>
      </marc:datafield>
      <marc:datafield tag="720" ind1=" " ind2=" ">
         <marc:subfield code="a">Brock,
         Norris</marc:subfield>
         <marc:subfield code="e">Editor</marc:subfield>
         <marc:subfield code="0">http://id.loc.gov/authorities/names/n85368392</marc:subfield>
      </marc:datafield>
      <marc:datafield tag="720" ind1=" " ind2=" ">
         <marc:subfield code="a">Public Broadcasting Service</marc:subfield>
         <marc:subfield code="e">Production Company</marc:subfield>
         <marc:subfield code="0">http://id.loc.gov/authorities/names/n86134532</marc:subfield>
      </marc:datafield>
      <marc:datafield tag="720" ind1=" " ind2=" ">
         <marc:subfield code="a">Venza, Jac</marc:subfield>
         <marc:subfield code="e">Executive Producer</marc:subfield>
         <marc:subfield code="0">http://id.loc.gov/authorities/names/no93017967</marc:subfield>
      </marc:datafield>
      <marc:datafield tag="720" ind1=" " ind2=" ">
         <marc:subfield code="a">WQED</marc:subfield>
         <marc:subfield code="e">Production Company</marc:subfield>
         <marc:subfield code="0">http://id.loc.gov/authorities/names/n50036803</marc:subfield>
      </marc:datafield>
      <marc:datafield tag="720" ind1=" " ind2=" ">
         <marc:subfield code="a">Brauchitsch, Matt von</marc:subfield>
         <marc:subfield code="e">Producer</marc:subfield>
      </marc:datafield>
      <marc:datafield tag="720" ind1=" " ind2=" ">
         <marc:subfield code="a">Brauchitsch, Matt von</marc:subfield>
         <marc:subfield code="e">Director</marc:subfield>
      </marc:datafield>
      <marc:datafield tag="720" ind1=" " ind2=" ">
         <marc:subfield code="a">Katz, Leon,
         1919-2017</marc:subfield>
         <marc:subfield code="e">Writer</marc:subfield>
         <marc:subfield code="0">http://id.loc.gov/authorities/names/n85260403</marc:subfield>
      </marc:datafield>
      <marc:datafield tag="260" ind1=" " ind2=" ">
         <marc:subfield code="c">1972-4-13</marc:subfield>
      </marc:datafield>
      <marc:datafield tag="520" ind1=" " ind2=" ">
         <marc:subfield code="a">From NET microfiche, file G: General Description of Series: George Washington
         as a young officer facing his first command decisions in battle is portrayed by Rene
         Auberjonois, winner of Broadway's Tony Award for best supporting actor (opposite Katharine
         Hepburn in "Coco"), in this program produced on location in Western Pennsylvania by WQED,
         Pittsburgh. Auberjonois, who is currently starring in the Lincoln Center production of
         "Twelfth Night," is supported in this play by Lyle Bettger and George Montgomery. The
         former plays the role of James Mackay, commander of a South Carolina armed force that joins
         Washington in a battle against the French; the latter is seen in the role of Christopher
         Gist, an English plantation owner who represents a peace-seeking faction. The time is 1754.
         Washington, a young lt. colonel in the provincial forces fighting for English interests,
         assumes his first command in what is today Western Pennsylvania. He is leading the First
         Virginia Regiment - 300 hastily recruited volunteer militiamen, poorly trained and poorly
         equipped - in a military maneuver against the French forces who have erected the strong
         Fort Duquesne at the Forks of the Ohio (now the site of Pittsburgh). The Virginia regiment
         comes from the southeast, across the mountains, and its men are exhausted as they reach a
         point some 50 miles east of the Forks. The last mountain ridge lies between them and Fort
         Duquesne. It is here, at Fort Necessity, that Washington will face his first major battle
         and the first mental anguish of command. Washington is portrayed as an impetuous young man,
         eager for command and glory, confident that his men, reinforced before battle by the South
         Carolina company, will defeat an enemy whose forces are reported to number 1,500. His
         confidence has been bolstered by his defeat of a small French detachment, taken by surprise
         on Laurel Ridge. The battle of Fort Necessity is revealed as a character-building episode
         in the life of Washington. For the first time he makes decisions that mean life or death to
         the men under him, knowing he is outnumbered by forces that are better equipped and more
         experienced than his own raw recruits. During this encounter, Washington begins to change
         from the brash, self-confident young man, dubbed the "Virginia firebrand," to a more
         introspective, cautious leader, learning the responsibilities and burdens of command. He
         receives opposing counsel from his subordinates and begins to realize decision-making
         processes are awesome and lonely. Major Cast (in order of appearances): Rene Auberjonois as
         Lieutenant Colonel George Washington Michael Miller as Captain Jacob Van Braam Ned
         Schmidtke as Lieutenant John West Special Guest Appearance by: Lyle Bettger as Captain Jame
         Mackay Suggested Newspaper Listing: "NET Playhouse Biography: George Washington" - Broadway
         Tony-winner Rene Auberjonois ("Coco") stars in "Portrait of a Hero as a Young Man,"
         depicting Washington as a youthful officer facing his first command decisions in battle at
         Fort Necessity. Co-starring Lyle Bettger and George Montgomery. "Portrait of the Hero as a
         Young Man" is a presentation of the national programming division of WNET/13, produced by
         WQED, Pittsburgh. Producers: Mat von Brauchitsch and Thomas Cherones Directed by von
         Brauchitsch Written by Leon Katz Associate producer: Charles Altman Associate director:
         Stephen Dick Cinematography: Paul Goldsmith and Norris Brock Editor: Norris Brock Executive
         producer: Jay Fayvid NET Playhouse Executive Producer: Jac Venza Transmitted nationally by
         PBS, the Public Broadcasting Service.</marc:subfield>
      </marc:datafield>
      <marc:datafield tag="337" ind1=" " ind2=" ">
         <marc:subfield code="a">Moving Image</marc:subfield>
         <marc:subfield code="2">MAVIS media type controlled vocabulary</marc:subfield>
      </marc:datafield>
      <marc:datafield tag="024" ind1="8" ind2=" ">
         <marc:subfield code="a">2471548</marc:subfield>
         <marc:subfield code="2">MAVIS Title Number</marc:subfield>
      </marc:datafield>
      <marc:datafield tag="024" ind1="8" ind2=" ">
         <marc:subfield code="a">NPBW</marc:subfield>
         <marc:subfield code="2">NET/PBS NOLA</marc:subfield>
      </marc:datafield>
      <marc:datafield tag="024" ind1="8" ind2=" ">
         <marc:subfield code="a">0 (PBS-1994.xls Excel spreadsheet)</marc:subfield>
         <marc:subfield code="2">NET/PBS number</marc:subfield>
      </marc:datafield>
      <marc:datafield tag="024" ind1="8" ind2=" ">
         <marc:subfield code="a">276 (NET microfiche, NET playhouse)</marc:subfield>
         <marc:subfield code="2">NET/PBS number</marc:subfield>
      </marc:datafield>
      <marc:datafield tag="024" ind1="8" ind2=" ">
         <marc:subfield code="a">13 (NET microfiche, NET playhouse
         biography)</marc:subfield>
         <marc:subfield code="2">NET/PBS number</marc:subfield>
      </marc:datafield>
      <marc:datafield tag="546" ind1=" " ind2=" ">
         <marc:subfield code="a">English</marc:subfield>
      </marc:datafield>
      <marc:datafield tag="653" ind1=" " ind2=" ">
         <marc:subfield code="a">Founding Fathers of the United
         States</marc:subfield>
         <marc:subfield code="0">http://id.loc.gov/authorities/subjects/sh2006003198</marc:subfield>
      </marc:datafield>
      <marc:datafield tag="653" ind1=" " ind2=" ">
         <marc:subfield code="a">Presidents--United
         States--Biography</marc:subfield>
         <marc:subfield code="0">http://id.loc.gov/authorities/subjects/sh85106470</marc:subfield>
      </marc:datafield>
      <marc:datafield tag="653" ind1=" " ind2=" ">
         <marc:subfield code="a">Washington, George,
         1732-1799</marc:subfield>
         <marc:subfield code="0">http://id.loc.gov/authorities/names/n86140996</marc:subfield>
      </marc:datafield>
      <marc:datafield tag="245" ind1="0" ind2="0">
         <marc:subfield code="a">NET playhouse biography. George Washington--portrait
         of the hero as a young man.</marc:subfield>
         <marc:subfield code="b">WQED, Pittsburgh ; presentation of the
         national programming division of WNET/13 ; executive producer, Jay Fayvid ; producers, Mat
         von Brauchitsch, Thomas Cherones ; associate producer, Charles Altman ; director, Mat von
         Brauchitsch ; writer, Leon Katz ; NET playhouse executive producer, Jac Venza.</marc:subfield>
      </marc:datafield>
      <marc:datafield tag="246" ind1="3" ind2="3">
         <marc:subfield code="a">George Washington--portrait of the
         hero as a young man.</marc:subfield>
      </marc:datafield>
      <marc:datafield tag="246" ind1="3" ind2="3">
         <marc:subfield code="a">Portrait of the hero as a young
         man.</marc:subfield>
      </marc:datafield>
      <marc:datafield tag="246" ind1="3" ind2="3">
         <marc:subfield code="a">George Washington.</marc:subfield>
      </marc:datafield>
      <marc:datafield tag="246" ind1="3" ind2="3">
         <marc:subfield code="a">NET playhouse. [No. 276], NET playhouse biography.
         George Washington--portrait of the hero as a young man.</marc:subfield>
      </marc:datafield>
      <marc:datafield tag="246" ind1="3" ind2="3">
         <marc:subfield code="a">NET playhouse biography. [No. 31], George
         Washington--portrait of the hero as a young man.</marc:subfield>
      </marc:datafield>
      <marc:datafield tag="655" ind1=" " ind2="0">
         <marc:subfield code="a">Biographical television programs
         (lcgft)</marc:subfield>
         <marc:subfield code="0">http://id.loc.gov/authorities/genreForms/gf2011026091</marc:subfield>
      </marc:datafield>
      <marc:datafield tag="655" ind1=" " ind2="0">
         <marc:subfield code="a">Historical television programs
         (lcgft)</marc:subfield>
         <marc:subfield code="0">http://id.loc.gov/authorities/genreForms/gf2011026315</marc:subfield>
      </marc:datafield>
      <marc:datafield tag="655" ind1=" " ind2="0">
         <marc:subfield code="a">Nonfiction television programs
         (lcgft)</marc:subfield>
         <marc:subfield code="0">http://id.loc.gov/authorities/genreForms/gf2011026425</marc:subfield>
      </marc:datafield>
   </marc:record>