
   <marc:record>
      <marc:leader>      am         3u     </marc:leader>
      <marc:datafield tag="042" ind1=" " ind2=" ">
         <marc:subfield code="a">dc</marc:subfield>
      </marc:datafield>
      <marc:datafield tag="720" ind1=" " ind2=" ">
         <marc:subfield code="a">Hecht,
         Paul</marc:subfield>
         <marc:subfield code="e">Cast/Actor</marc:subfield>
         <marc:subfield code="0">http://id.loc.gov/authorities/names/n97868437</marc:subfield>
      </marc:datafield>
      <marc:datafield tag="720" ind1=" " ind2=" ">
         <marc:subfield code="a">Sherwood, Madeleine</marc:subfield>
         <marc:subfield code="e">Cast/Actor</marc:subfield>
         <marc:subfield code="0">http://id.loc.gov/authorities/names/no98037582</marc:subfield>
      </marc:datafield>
      <marc:datafield tag="720" ind1=" " ind2=" ">
         <marc:subfield code="a">Hughes,
         Barnard</marc:subfield>
         <marc:subfield code="e">Cast/Actor</marc:subfield>
         <marc:subfield code="0">http://id.loc.gov/authorities/names/n86140083</marc:subfield>
      </marc:datafield>
      <marc:datafield tag="720" ind1=" " ind2=" ">
         <marc:subfield code="a">Corbett, Gretchen</marc:subfield>
         <marc:subfield code="e">Cast/Actor</marc:subfield>
         <marc:subfield code="0">http://id.loc.gov/authorities/names/no2017108402</marc:subfield>
      </marc:datafield>
      <marc:datafield tag="720" ind1=" " ind2=" ">
         <marc:subfield code="a">Public
         Broadcasting Service</marc:subfield>
         <marc:subfield code="e">Broadcaster</marc:subfield>
         <marc:subfield code="0">http://id.loc.gov/authorities/names/n86134532</marc:subfield>
      </marc:datafield>
      <marc:datafield tag="720" ind1=" " ind2=" ">
         <marc:subfield code="a">Dysart,
         Richard</marc:subfield>
         <marc:subfield code="e">Cast/Actor</marc:subfield>
         <marc:subfield code="0">http://id.loc.gov/authorities/names/n85322469</marc:subfield>
      </marc:datafield>
      <marc:datafield tag="720" ind1=" " ind2=" ">
         <marc:subfield code="a"/>
         <marc:subfield code="e">Sponsor</marc:subfield>
      </marc:datafield>
      <marc:datafield tag="720" ind1=" " ind2=" ">
         <marc:subfield code="a">Winn,
         Kitty</marc:subfield>
         <marc:subfield code="e">Cast/Actor</marc:subfield>
         <marc:subfield code="0">http://id.loc.gov/authorities/names/n85322449</marc:subfield>
      </marc:datafield>
      <marc:datafield tag="720" ind1=" " ind2=" ">
         <marc:subfield code="a">Harkins, John, 1932-1999</marc:subfield>
         <marc:subfield code="e">Cast/Actor</marc:subfield>
         <marc:subfield code="0">http://id.loc.gov/authorities/names/no2010131795</marc:subfield>
      </marc:datafield>
      <marc:datafield tag="720" ind1=" " ind2=" ">
         <marc:subfield code="a">Babbin, Jacqueline</marc:subfield>
         <marc:subfield code="e">Adapter/Dramatization</marc:subfield>
         <marc:subfield code="0">http://id.loc.gov/authorities/names/n85199222</marc:subfield>
      </marc:datafield>
      <marc:datafield tag="720" ind1=" " ind2=" ">
         <marc:subfield code="a">Andrew W.
         Mellon Foundation</marc:subfield>
         <marc:subfield code="e">Sponsor</marc:subfield>
         <marc:subfield code="0">http://id.loc.gov/authorities/names/n50054057</marc:subfield>
      </marc:datafield>
      <marc:datafield tag="720" ind1=" " ind2=" ">
         <marc:subfield code="a">Ryerson, Florence</marc:subfield>
         <marc:subfield code="e">Author/Based on</marc:subfield>
         <marc:subfield code="0">http://id.loc.gov/authorities/names/n85151543</marc:subfield>
      </marc:datafield>
      <marc:datafield tag="720" ind1=" " ind2=" ">
         <marc:subfield code="a">Venza, Jac</marc:subfield>
         <marc:subfield code="e">Executive Producer</marc:subfield>
         <marc:subfield code="0">http://id.loc.gov/authorities/names/no93017967</marc:subfield>
      </marc:datafield>
      <marc:datafield tag="720" ind1=" " ind2=" ">
         <marc:subfield code="a">Educational Broadcasting Corporation. NET Division</marc:subfield>
         <marc:subfield code="e">Production Company</marc:subfield>
         <marc:subfield code="0">http://id.loc.gov/authorities/names/n81076889</marc:subfield>
      </marc:datafield>
      <marc:datafield tag="720" ind1=" " ind2=" ">
         <marc:subfield code="a">Babbin,
         Jacqueline</marc:subfield>
         <marc:subfield code="e">Producer</marc:subfield>
         <marc:subfield code="0">http://id.loc.gov/authorities/names/n85199222</marc:subfield>
      </marc:datafield>
      <marc:datafield tag="720" ind1=" " ind2=" ">
         <marc:subfield code="a">Donovan,
         Tom</marc:subfield>
         <marc:subfield code="e">Director</marc:subfield>
         <marc:subfield code="0">http://id.loc.gov/authorities/names/n88100703</marc:subfield>
      </marc:datafield>
      <marc:datafield tag="720" ind1=" " ind2=" ">
         <marc:subfield code="a">Clements, Colin</marc:subfield>
         <marc:subfield code="e">Author/Based on</marc:subfield>
      </marc:datafield>
      <marc:datafield tag="260" ind1=" " ind2=" ">
         <marc:subfield code="c">1972-2-3</marc:subfield>
      </marc:datafield>
      <marc:datafield tag="260" ind1=" " ind2=" ">
         <marc:subfield code="c">1973-7-19</marc:subfield>
      </marc:datafield>
      <marc:datafield tag="520" ind1=" " ind2=" ">
         <marc:subfield code="a">From NET microfiche, under "H": Program Description: Cannes Film Festival
         award-winner Kitty Winn plays the title role in this NET adaptation of the 1943 Broadway
         drama "Harriet," based on the life of Harriet Beecher Stowe, author of the momentous novel
         "Uncle Tom's Cabin." Co-starring are Richard Dysart as Harriet's husband, the scholarly
         Calvin Stowe, and Madeleine Sherwood as her benevolent but domineering sister, Catherine,
         along with Barnard Hughes, Paul Hecht, Kendall March, and Gretchen Corbett. Miss Winn,
         named "best actress" at Cannes last year as co-star of "Panic in Needle Park," fills a
         demanding role that requires the 27-year-old star to portray her subject as a young,
         middle-aged, and elderly woman. The same role afforded Helen Hayes one of her greatest
         triumphs in the Broadway production, directed by Eliz Kazan. "Uncle Tom's Cabin," published
         as installments in an anti-slavery paper in 1851 and as a separate volume a short time
         later, is perhaps unrivaled in its impact on the American people. As a graphic depiction of
         the tragedies of slavery, the story fired up an era already made turbulent by the slavery
         issue, and its publication is sometimes described as an important step toward the Civil
         War. "Harriet" centers its drama upon the long-standing inner conflict which had preceded
         and accompanied Mrs. Stowe's writing of "Uncle Tom's Cabin." By nature a woman who dreaded
         controversy and public censure, she finally undertook the novel after her own terrifying
         encounter with "slavers" who wrenched a runaway Black woman from her home. "Harriet" has
         been adapted for television by Peabody Award-winning producer Jacqueline Babbin from the
         original script by Florence Ryerson and Colin Clements. Directing for TV is Tom Donovan.
         Miss Babbin last year produced Arthur Miller's "A Memory of Two Mondays" for the "NET
         Playhouse on the Thirties" series. She won a Peabody Award as producer of "Outpost" in the
         Dupont Show of the Week series, and in 1970 her production of "JT," a CBS Children's Hour
         special, won a Peabody for its screenplay by Jane Wagner. Suggested Newspaper Listing: NET
         Playhouse Biography - Cannes Festival award-winner Kitty Winn stars as "Harriet" in this
         drama about the life of Harriet Beecher Stowe, adapted from the 1943 Broadway hit.
         Co-starring Richard Dysart, Madeleine Sherwood, Barnard Hughes, Paul Hecht, Kendall March,
         and Gretchen Corbett. "NET Playhouse Biography' is a production of NET Division,
         Educational Broadcasting Corporation. The series has been made possible in part by grants
         from the National Endowment for the Humanities and the Andrew W. Mellon Foundation.
         Transmitted nationally by PBS, the Public Broadcasting Service. Program 3: "Harriet Beecher
         Stowe" adapted by Jacquelin Babbin Initial Broadcast: February 3, 1972 Credits Information:
         Director: Tom Donovan Starring: Kitty Winn Bernard Hughes Madeline Sherwood Paul Hecht
         Richard Sysart Kendall March Gretchen Corbett</marc:subfield>
      </marc:datafield>
      <marc:datafield tag="337" ind1=" " ind2=" ">
         <marc:subfield code="a">Moving Image</marc:subfield>
         <marc:subfield code="2">MAVIS media type controlled vocabulary</marc:subfield>
      </marc:datafield>
      <marc:datafield tag="024" ind1="8" ind2=" ">
         <marc:subfield code="a">2275749</marc:subfield>
         <marc:subfield code="2">MAVIS Title Number</marc:subfield>
      </marc:datafield>
      <marc:datafield tag="024" ind1="8" ind2=" ">
         <marc:subfield code="a">NPBH</marc:subfield>
         <marc:subfield code="2">NET/PBS NOLA</marc:subfield>
      </marc:datafield>
      <marc:datafield tag="024" ind1="8" ind2=" ">
         <marc:subfield code="a">0</marc:subfield>
         <marc:subfield code="2">NET/PBS number</marc:subfield>
      </marc:datafield>
      <marc:datafield tag="024" ind1="8" ind2=" ">
         <marc:subfield code="a">265 (NET playhouse)</marc:subfield>
         <marc:subfield code="2">NET/PBS number</marc:subfield>
      </marc:datafield>
      <marc:datafield tag="024" ind1="8" ind2=" ">
         <marc:subfield code="a">207 (Playhouse New York biography)</marc:subfield>
         <marc:subfield code="2">NET/PBS number</marc:subfield>
      </marc:datafield>
      <marc:datafield tag="024" ind1="8" ind2=" ">
         <marc:subfield code="a">3 (NET playhouse biography)</marc:subfield>
         <marc:subfield code="2">NET/PBS number</marc:subfield>
      </marc:datafield>
      <marc:datafield tag="546" ind1=" " ind2=" ">
         <marc:subfield code="a">English</marc:subfield>
      </marc:datafield>
      <marc:datafield tag="653" ind1=" " ind2=" ">
         <marc:subfield code="a">Stowe, Harriet Beecher</marc:subfield>
         <marc:subfield code="0">http://id.loc.gov/authorities/names/n79093331</marc:subfield>
      </marc:datafield>
      <marc:datafield tag="245" ind1="0" ind2="0">
         <marc:subfield code="a">NET playhouse biography. Harriet Beecher
         Stowe.</marc:subfield>
         <marc:subfield code="b">NET Division, Educational Broadcasting
         Corporation ; NET executive producer, Jac Venza ; producer, Jacqueline Babbin ; director,
         Tom Donovan ; adapted by Jacquelin Babbin.</marc:subfield>
      </marc:datafield>
      <marc:datafield tag="246" ind1="3" ind2="3">
         <marc:subfield code="a">Playhouse New York biography. [No.
         207], Harriet Beecher Stowe.</marc:subfield>
      </marc:datafield>
      <marc:datafield tag="246" ind1="3" ind2="3">
         <marc:subfield code="a">NET playhouse.
         [No. 265], NET playhouse biography: Harriet Beecher Stowe.</marc:subfield>
      </marc:datafield>
      <marc:datafield tag="246" ind1="3" ind2="3">
         <marc:subfield code="a">NET playhouse
         biography. [No. 3], Harriet Beecher Stowe.</marc:subfield>
      </marc:datafield>
      <marc:datafield tag="246" ind1="3" ind2="3">
         <marc:subfield code="a">Harriet (Beecher Stowe).</marc:subfield>
      </marc:datafield>
      <marc:datafield tag="246" ind1="3" ind2="3">
         <marc:subfield code="a">NET playhouse. [No. 265], Harriet Beecher
         Stowe.</marc:subfield>
      </marc:datafield>
      <marc:datafield tag="246" ind1="3" ind2="3">
         <marc:subfield code="a">NET playhouse biography. [1972-02-03]. Harriet
         Beecher Stowe.</marc:subfield>
      </marc:datafield>
      <marc:datafield tag="655" ind1=" " ind2="0">
         <marc:subfield code="a">Television adaptations
         (lcgft)</marc:subfield>
         <marc:subfield code="0">http://id.loc.gov/authorities/genreForms/gf2011026653\n</marc:subfield>
      </marc:datafield>
      <marc:datafield tag="655" ind1=" " ind2="0">
         <marc:subfield code="a">Biographical television programs
         (lcgft)</marc:subfield>
         <marc:subfield code="0">http://id.loc.gov/authorities/genreForms/gf2011026091</marc:subfield>
      </marc:datafield>
      <marc:datafield tag="655" ind1=" " ind2="0">
         <marc:subfield code="a">Fiction television programs
         (lcgft)</marc:subfield>
         <marc:subfield code="0">http://id.loc.gov/authorities/genreForms/gf2011026252\n</marc:subfield>
      </marc:datafield>
   </marc:record>