
   <marc:record>
      <marc:leader>      am         3u     </marc:leader>
      <marc:datafield tag="042" ind1=" " ind2=" ">
         <marc:subfield code="a">dc</marc:subfield>
      </marc:datafield>
      <marc:datafield tag="720" ind1=" " ind2=" ">
         <marc:subfield code="a">National Educational Television and Radio Center</marc:subfield>
         <marc:subfield code="e">Broadcaster</marc:subfield>
         <marc:subfield code="0">http://id.loc.gov/authorities/names/n80050382</marc:subfield>
      </marc:datafield>
      <marc:datafield tag="720" ind1=" " ind2=" ">
         <marc:subfield code="a">Pickles, Vivian</marc:subfield>
         <marc:subfield code="e">Cast/Actor</marc:subfield>
         <marc:subfield code="0">http://id.loc.gov/authorities/names/n97863092</marc:subfield>
      </marc:datafield>
      <marc:datafield tag="720" ind1=" " ind2=" ">
         <marc:subfield code="a">British Broadcasting Corporation</marc:subfield>
         <marc:subfield code="e">Production Company</marc:subfield>
         <marc:subfield code="0">http://id.loc.gov/authorities/names/n79074359</marc:subfield>
      </marc:datafield>
      <marc:datafield tag="720" ind1=" " ind2=" ">
         <marc:subfield code="a">Venza, Jac</marc:subfield>
         <marc:subfield code="e">Executive Producer</marc:subfield>
         <marc:subfield code="0">http://id.loc.gov/authorities/names/no93017967</marc:subfield>
      </marc:datafield>
      <marc:datafield tag="720" ind1=" " ind2=" ">
         <marc:subfield code="a">Russell, Ken,
         1927-2011</marc:subfield>
         <marc:subfield code="e">Producer</marc:subfield>
         <marc:subfield code="0">http://id.loc.gov/authorities/names/n79056862</marc:subfield>
      </marc:datafield>
      <marc:datafield tag="720" ind1=" " ind2=" ">
         <marc:subfield code="a">Russell, Ken,
         1927-2011</marc:subfield>
         <marc:subfield code="e">Director</marc:subfield>
         <marc:subfield code="0">http://id.loc.gov/authorities/names/n79056862</marc:subfield>
      </marc:datafield>
      <marc:datafield tag="720" ind1=" " ind2=" ">
         <marc:subfield code="a">Russell, Ken,
         1927-2011</marc:subfield>
         <marc:subfield code="e">Writer</marc:subfield>
         <marc:subfield code="0">http://id.loc.gov/authorities/names/n79056862</marc:subfield>
      </marc:datafield>
      <marc:datafield tag="720" ind1=" " ind2=" ">
         <marc:subfield code="a">Stokes,
         Sewell</marc:subfield>
         <marc:subfield code="e">Writer</marc:subfield>
         <marc:subfield code="0">http://id.loc.gov/authorities/names/nr95033519</marc:subfield>
      </marc:datafield>
      <marc:datafield tag="260" ind1=" " ind2=" ">
         <marc:subfield code="c">1971-5-6</marc:subfield>
      </marc:datafield>
      <marc:datafield tag="260" ind1=" " ind2=" ">
         <marc:subfield code="c">1972-3-9</marc:subfield>
      </marc:datafield>
      <marc:datafield tag="520" ind1=" " ind2=" ">
         <marc:subfield code="a">From NET microfiche: Program Description: "The Biggest Dancer in the World" -
         about dancer Isadora Duncan - is the first of three films in the "Biography" series by
         British director Ken Russell, whose "Women in Love" and "The Music Lovers" are currently
         being seen in American movie theaters. Isadora Duncan (1878-1927), an important American
         dancer and major influence on the development of modern dance in Europe and America,
         unfortunately attained as much or more fame in her day for her tragic and scandal-ridden
         personal life as for her art. Russell's film portrays Isadora as the free spirit who
         abandoned not only the classical forms of dance but most of the moral conventions of her
         time as well. The script was written by Russell and Sewell Strokes, who was a close friend
         of Miss Duncan. Isadora was in a literal sense a big woman, and even in this respect she
         was unconventional as a dancer. Born in San Francisco, she attained her major success
         abroad, first in London and Paris, and later in Vienna, Budapest and on tour in Germany.
         She opened a dance school for children near Berlin in 1904, and, after having been invited
         to Russia, started a similar school in Moscow in 1921. She also married a Russian, but was
         subsequently banished from his homeland for her outspoken and radical ideas. Flamboyant
         behavior and wild love affairs made her headlines across the United States and Europe, as
         did the tragic accidents that claimed the lives of her two children and her husband, and
         the grotesque incident in which she herself was killed. Riding in an open-air car, Isadora
         was strangled when the long scarf she wore became caught under a rear wheel. Isadora Duncan
         is portrayed by Vivian Pickles, who will be seen in the forthcoming films "Nicholas and
         Alexandra," with Laurence Olivier and Michael Redgrave, and "Harold and Maude" with Ruth
         Gordon.</marc:subfield>
      </marc:datafield>
      <marc:datafield tag="024" ind1="8" ind2=" ">
         <marc:subfield code="a">2331785</marc:subfield>
         <marc:subfield code="2">MAVIS Title Number</marc:subfield>
      </marc:datafield>
      <marc:datafield tag="024" ind1="8" ind2=" ">
         <marc:subfield code="a">NPBI</marc:subfield>
         <marc:subfield code="2">NET/PBS NOLA</marc:subfield>
      </marc:datafield>
      <marc:datafield tag="024" ind1="8" ind2=" ">
         <marc:subfield code="a">8</marc:subfield>
         <marc:subfield code="2">NET/PBS number</marc:subfield>
      </marc:datafield>
      <marc:datafield tag="787" ind1="0" ind2=" ">
         <marc:subfield code="w">2331788</marc:subfield>
         <marc:subfield code="n">MAVIS id number</marc:subfield>
      </marc:datafield>
      <marc:datafield tag="653" ind1=" " ind2=" ">
         <marc:subfield code="a">Dancers</marc:subfield>
         <marc:subfield code="0">http://id.loc.gov/authorities/subjects/sh85035655</marc:subfield>
      </marc:datafield>
      <marc:datafield tag="653" ind1=" " ind2=" ">
         <marc:subfield code="a">Duncan, Isadora</marc:subfield>
         <marc:subfield code="0">http://id.loc.gov/authorities/names/n79123616</marc:subfield>
      </marc:datafield>
      <marc:datafield tag="245" ind1="0" ind2="0">
         <marc:subfield code="a">NET playhouse biography. Isadora Duncan--the biggest
         dancer in the world.</marc:subfield>
         <marc:subfield code="b">produced by the British Broadcasting
         Corporation ; a presentation of National Educational Television Division, Educational
         Broadcasting Corporation ; producer, director, Ken Russell ; writers, Sewell Stokes, Ken
         Russell ; NET executive producer, Jac Venza.</marc:subfield>
      </marc:datafield>
      <marc:datafield tag="246" ind1="3" ind2="3">
         <marc:subfield code="a">Isadora Duncan--the biggest dancer in
         the world.</marc:subfield>
      </marc:datafield>
      <marc:datafield tag="246" ind1="3" ind2="3">
         <marc:subfield code="a">The biggest dancer in the
         world.</marc:subfield>
      </marc:datafield>
      <marc:datafield tag="246" ind1="3" ind2="3">
         <marc:subfield code="a">NET playhouse. Isadora Duncan--the biggest dancer in
         the world.</marc:subfield>
      </marc:datafield>
      <marc:datafield tag="246" ind1="3" ind2="3">
         <marc:subfield code="a">NET biography. [No. 8], Isadora Duncan--the biggest
         dancer in the world.</marc:subfield>
      </marc:datafield>
      <marc:datafield tag="246" ind1="3" ind2="3">
         <marc:subfield code="a">NET biography. Isadora Duncan--the biggest dancer in
         the world.</marc:subfield>
      </marc:datafield>
      <marc:datafield tag="246" ind1="3" ind2="3">
         <marc:subfield code="a">NET playhouse. [No. 238], Isadora Duncan--the biggest
         dancer in the world.</marc:subfield>
      </marc:datafield>
      <marc:datafield tag="246" ind1="3" ind2="3">
         <marc:subfield code="a">NET playhouse biography. [No. 238], Isadora
         Duncan--the biggest dancer in the world.</marc:subfield>
      </marc:datafield>
      <marc:datafield tag="655" ind1=" " ind2="0">
         <marc:subfield code="a">Biographical television programs
         (lcgft)</marc:subfield>
         <marc:subfield code="0">http://id.loc.gov/authorities/genreForms/gf2011026091</marc:subfield>
      </marc:datafield>
   </marc:record>