
   <marc:record>
      <marc:leader>      am         3u     </marc:leader>
      <marc:datafield tag="042" ind1=" " ind2=" ">
         <marc:subfield code="a">dc</marc:subfield>
      </marc:datafield>
      <marc:datafield tag="720" ind1=" " ind2=" ">
         <marc:subfield code="a">Wadleigh, Michael</marc:subfield>
         <marc:subfield code="e">Cameraman</marc:subfield>
         <marc:subfield code="0">http://id.loc.gov/authorities/names/no98126444</marc:subfield>
      </marc:datafield>
      <marc:datafield tag="720" ind1=" " ind2=" ">
         <marc:subfield code="a">National Educational Television and Radio Center</marc:subfield>
         <marc:subfield code="e">Broadcaster</marc:subfield>
         <marc:subfield code="0">http://id.loc.gov/authorities/names/n80050382</marc:subfield>
      </marc:datafield>
      <marc:datafield tag="720" ind1=" " ind2=" ">
         <marc:subfield code="a">Pavlova,
         Anna, 1881-1931</marc:subfield>
         <marc:subfield code="e">Appearing</marc:subfield>
         <marc:subfield code="0">http://id.loc.gov/authorities/names/n79033028</marc:subfield>
      </marc:datafield>
      <marc:datafield tag="720" ind1=" " ind2=" ">
         <marc:subfield code="a">Hurley,
         Joseph</marc:subfield>
         <marc:subfield code="e">Research</marc:subfield>
         <marc:subfield code="0">http://id.loc.gov/authorities/names/n87914497</marc:subfield>
      </marc:datafield>
      <marc:datafield tag="720" ind1=" " ind2=" ">
         <marc:subfield code="a">Loxton, David R.</marc:subfield>
         <marc:subfield code="e">Production Asst/Asst Producer</marc:subfield>
         <marc:subfield code="0">http://id.loc.gov/authorities/names/no93020618</marc:subfield>
      </marc:datafield>
      <marc:datafield tag="720" ind1=" " ind2=" ">
         <marc:subfield code="a">National Educational Television and Radio Center</marc:subfield>
         <marc:subfield code="e">Production Company</marc:subfield>
         <marc:subfield code="0">http://id.loc.gov/authorities/names/n80050382</marc:subfield>
      </marc:datafield>
      <marc:datafield tag="720" ind1=" " ind2=" ">
         <marc:subfield code="a">Venza,
         Jac</marc:subfield>
         <marc:subfield code="e">Producer</marc:subfield>
         <marc:subfield code="0">http://id.loc.gov/authorities/names/no93017967</marc:subfield>
      </marc:datafield>
      <marc:datafield tag="720" ind1=" " ind2=" ">
         <marc:subfield code="a">Hurley,
         Joseph</marc:subfield>
         <marc:subfield code="e">Writer</marc:subfield>
         <marc:subfield code="0">http://id.loc.gov/authorities/names/n87914497</marc:subfield>
      </marc:datafield>
      <marc:datafield tag="260" ind1=" " ind2=" ">
         <marc:subfield code="c">1967-5-14</marc:subfield>
      </marc:datafield>
      <marc:datafield tag="520" ind1=" " ind2=" ">
         <marc:subfield code="a">From NET microfiche: Description of series: This series focuses on the private
         vision of the creative person. Each program is devoted to a 20th century artist whose
         special qualities of imagination, taste, originality, intelligence, craftsmanship, and
         individuality have marked him as a pace-setter in his field. These artists --- whose fields
         span the entire gamut of the art world --- include film maker Jean Renoir, poet John
         Ciardi, industrial designer Raymond Loewy, Hollywood producer-director King Vidor, noted
         Broadway couple Ossie Davis and Ruby Dee, artist Leonard Baskin, humorist James Thurber,
         satirist Robert Osborn, Indian musician Ravi Shankar, poet P. G. Wodehouse, painter Georges
         Braque, former ballet star Olga Spessivtzeva, Rudolf Bing, and Marni Nixon. The format for
         each program has been geared to the individual featured; Performance, interview, and
         documentary technique are employed interchangeably. Program 49: Anna Pavlova This program
         examines the magic of Anna Pavlova and the reason why, thirty-five years after her death,
         her name remains synonymous with ballet. Miss Pavlova was born in St. Petersburg (now
         Leningrad), Russia, in 1881. She studied dance at the Imperial School of Ballet there until
         1905, and later began a series of foreign tours which included her first London appearance
         in 1910 and her New York debut the same year. In 1911 she founded her own dance company
         and, until her death in 1931, devoted her entire life to bringing ballet and dance to
         remote regions of Asia, Africa, Latin America, and Australia. Included in the program are
         excerpts from films showing the range of Pavlova's work from classical roles such as "The
         Immortal Swan" to variety pieces such as "Californian Poppy" as well as informal footage of
         Mme. Pavlova at her home in Hampstead, England, and on tour with her company. Interspersed
         with this footage are exclusive interviews made specifically for this program with close
         associates of Miss Pavlova, such as Sol Hurok, manager of Pavlova's later American tour who
         discusses her from an impresario's point of view; Madame Butsova, a leading dancer of the
         Pavlova dance company who accompanied Pavlova on her world-wide tours; and Aubrey Hitchens,
         one of Pavlova's last dance partners. These and other interviews build a composite picture
         of Anna Pavlova and attempt to analyze her both as a personality and as one of the major
         contributors to the world of twentieth-century dance. The program is highlighted by footage
         of Pavlova on tour in Egypt in 1928. The existence of this film was only discovered within
         the last two years and it has never before been viewed by the public.</marc:subfield>
      </marc:datafield>
      <marc:datafield tag="024" ind1="8" ind2=" ">
         <marc:subfield code="a">2331784</marc:subfield>
         <marc:subfield code="2">MAVIS Title Number</marc:subfield>
      </marc:datafield>
      <marc:datafield tag="024" ind1="8" ind2=" ">
         <marc:subfield code="a">49</marc:subfield>
         <marc:subfield code="2">NET/PBS number</marc:subfield>
      </marc:datafield>
      <marc:datafield tag="024" ind1="8" ind2=" ">
         <marc:subfield code="a">CRPN</marc:subfield>
         <marc:subfield code="2">NET/PBS NOLA</marc:subfield>
      </marc:datafield>
      <marc:datafield tag="653" ind1=" " ind2=" ">
         <marc:subfield code="a">Ballerinas</marc:subfield>
         <marc:subfield code="0">http://id.loc.gov/authorities/subjects/sh85011274</marc:subfield>
      </marc:datafield>
      <marc:datafield tag="653" ind1=" " ind2=" ">
         <marc:subfield code="a">Pavlova, Anna, 1881-1931</marc:subfield>
         <marc:subfield code="0">http://id.loc.gov/authorities/names/n79033028</marc:subfield>
      </marc:datafield>
      <marc:datafield tag="245" ind1="0" ind2="0">
         <marc:subfield code="a">Creative person. Anna
         Pavlova.</marc:subfield>
         <marc:subfield code="b">National Educational Television ; producer,
         Jac Venza ; writer, Joseph Hurley.</marc:subfield>
      </marc:datafield>
      <marc:datafield tag="246" ind1="3" ind2="3">
         <marc:subfield code="a">The creative person. The legend of
         Anna Pavlova.</marc:subfield>
      </marc:datafield>
      <marc:datafield tag="246" ind1="3" ind2="3">
         <marc:subfield code="a">Creative person. [No. 49], Anna Pavlova.</marc:subfield>
      </marc:datafield>
      <marc:datafield tag="655" ind1=" " ind2="0">
         <marc:subfield code="a">Biographical television programs
         (lcgft)</marc:subfield>
         <marc:subfield code="0">http://id.loc.gov/authorities/genreForms/gf2011026091</marc:subfield>
      </marc:datafield>
      <marc:datafield tag="655" ind1=" " ind2="0">
         <marc:subfield code="a">Cultural television programs
         (lcgft)</marc:subfield>
         <marc:subfield code="0">http://id.loc.gov/authorities/genreForms/gf2011026178</marc:subfield>
      </marc:datafield>
      <marc:datafield tag="655" ind1=" " ind2="0">
         <marc:subfield code="a">Documentary television programs
         (lcgft)</marc:subfield>
         <marc:subfield code="0">http://id.loc.gov/authorities/genreForms/gf2011026207</marc:subfield>
      </marc:datafield>
      <marc:datafield tag="655" ind1=" " ind2="0">
         <marc:subfield code="a">Nonfiction television programs
         (lcgft)</marc:subfield>
         <marc:subfield code="0">http://id.loc.gov/authorities/genreForms/gf2011026425</marc:subfield>
      </marc:datafield>
   </marc:record>