
   <marc:record>
      <marc:leader>      am         3u     </marc:leader>
      <marc:datafield tag="042" ind1=" " ind2=" ">
         <marc:subfield code="a">dc</marc:subfield>
      </marc:datafield>
      <marc:datafield tag="720" ind1=" " ind2=" ">
         <marc:subfield code="a">Sullivan, Liam</marc:subfield>
         <marc:subfield code="e">Cast/Actor</marc:subfield>
         <marc:subfield code="0">http://id.loc.gov/authorities/names/no2013123187</marc:subfield>
      </marc:datafield>
      <marc:datafield tag="720" ind1=" " ind2=" ">
         <marc:subfield code="a">Benedetti, Robert L.</marc:subfield>
         <marc:subfield code="e">Cast/Actor</marc:subfield>
         <marc:subfield code="0">http://id.loc.gov/authorities/names/n80098378</marc:subfield>
      </marc:datafield>
      <marc:datafield tag="720" ind1=" " ind2=" ">
         <marc:subfield code="a">Cromwell, James</marc:subfield>
         <marc:subfield code="e">Cast/Actor</marc:subfield>
         <marc:subfield code="0">http://id.loc.gov/authorities/names/no97003587</marc:subfield>
      </marc:datafield>
      <marc:datafield tag="720" ind1=" " ind2=" ">
         <marc:subfield code="a">Karen,
         James</marc:subfield>
         <marc:subfield code="e">Cast/Actor</marc:subfield>
         <marc:subfield code="0">http://id.loc.gov/authorities/names/nr2002035585</marc:subfield>
      </marc:datafield>
      <marc:datafield tag="720" ind1=" " ind2=" ">
         <marc:subfield code="a">Luckinbill, Laurence</marc:subfield>
         <marc:subfield code="e">Cast/Actor</marc:subfield>
         <marc:subfield code="0">http://id.loc.gov/authorities/names/n82007901</marc:subfield>
      </marc:datafield>
      <marc:datafield tag="720" ind1=" " ind2=" ">
         <marc:subfield code="a">Educational Broadcasting Corporation. NET Division</marc:subfield>
         <marc:subfield code="e">Presenter</marc:subfield>
         <marc:subfield code="0">http://id.loc.gov/authorities/names/n81076889</marc:subfield>
      </marc:datafield>
      <marc:datafield tag="720" ind1=" " ind2=" ">
         <marc:subfield code="a">Venza, Jac</marc:subfield>
         <marc:subfield code="e">Executive Producer</marc:subfield>
         <marc:subfield code="0">http://id.loc.gov/authorities/names/no93017967</marc:subfield>
      </marc:datafield>
      <marc:datafield tag="720" ind1=" " ind2=" ">
         <marc:subfield code="a">WQED</marc:subfield>
         <marc:subfield code="e">Production Company</marc:subfield>
         <marc:subfield code="0">http://id.loc.gov/authorities/names/n50036803</marc:subfield>
      </marc:datafield>
      <marc:datafield tag="720" ind1=" " ind2=" ">
         <marc:subfield code="a">Brauchitsch, Matt von</marc:subfield>
         <marc:subfield code="e">Producer</marc:subfield>
      </marc:datafield>
      <marc:datafield tag="720" ind1=" " ind2=" ">
         <marc:subfield code="a">Brauchitsch, Matt von</marc:subfield>
         <marc:subfield code="e">Director</marc:subfield>
      </marc:datafield>
      <marc:datafield tag="260" ind1=" " ind2=" ">
         <marc:subfield code="c">1971-5-13</marc:subfield>
      </marc:datafield>
      <marc:datafield tag="520" ind1=" " ind2=" ">
         <marc:subfield code="a">From NET microfiche: Program Description At the close of his life, John Adams
         said "the foundations of American independence were laid on March 5, 1770." The date is
         that of the infamous "Boston Massacre" - an incident which inflamed anti-British sentiment
         and precipitated one of the most significant trials in American history. This drama
         explores the consciences and motivation of two men who played major roles in that trial -
         John and Sam Adams. Laurence Luckinbill, co-star of the film and off-Broadway productions
         of "The Boys in the Band," is featured as John, and James Karen portrays Sam. The play was
         produced by M. Von Brauchitsch of WQED, Pittsburgh. John Adams and his second cousin, Sam
         Adams, are seen in sharp contrast. John is a young man of 32 - a farmer and a lawyer with a
         keen legal mind, an unmovable respect for the law, and an abhorrence of violence. Sam, a
         clerk of the General Court and a representative to the legislative assembly in
         Massachusetts, holds more radical views. He believes that bloodshed is necessary to
         dramatize the developing conflict between the British troops and American patriots. This
         drama then is also a study of the moral man in politics - the man who is attempting to keep
         his idealism beyond the taint of practical politics and violence. That man here is John
         Adams, the central character in the drama. The facts of the riot are quickly developed.
         During a confrontation between an angry crowd and a British garrison force in Boston, five
         men are killed by the British. The citizens, led by Sam Adams, demand that the British
         soldiers involved be brought to trial. Gov. Adams agrees to the trial. Eight soldiers and
         their commanding officer are ordered to stand trial for murder. John Adams and Josiah
         Quincy agree to defend the soldiers; Samuel Quincy is appointed the prosecuting attorney.
         During the course of the trial, John Adams is offered a seat on the legislative assembly by
         Sam Adams. This sharpens the personal conflict which has developed within John Adams during
         the course of the trial. Although he suspects that the riot was incited by Sam Adams and
         the Sons of Liberty, he does not develop these facts during the trial. Instead, he
         carefully cross-examines the witnesses and brings out other evidence that supports his
         suspicion. John Adams was learning to play the political game. The soldiers are acquitted
         of murder; two of them are found guilty of manslaughter. The tactics that Sam Adams employs
         to arouse the public against the King's government are clearly developed in the drama. His
         use of - in fact, his creation of the incident - results in the governor's decision to
         order the troops out of Boston - one of Sam Adams' primary goals. Sam Adams emerges as a
         man with an event to be commemorated - one that he pursues passionately in the years ahead.
         John Adams emerges as the young idealist in search of identity, who in the process of
         finding this identity gets his hands dirty. Although his case is won and his principles are
         not too tarnished, as Sam Adams says, the American people would never see the case his way.
         Among the players in this drama are many non-professional actors, most of whom were cast
         because of their actual experiences in confrontations between demonstrators and authorities
         in Cleveland, Chicago, Pittsburgh, and Kent State University. The Cast: John Adams -
         Laurence Luckinbill Sam Adams - James Karen Gov. Hutchinson - Liam Sullivan Samuel Quincy -
         James Cromwell Harrison Grey - Robert Benedetti Molineaux - Tom Erhart Suggested Newspaper
         Listing: "NET Playhouse Biography: John and Sam Adams" - The Boston Massacre and the
         subsequent murder trials of eight British soldiers provided the setting for this drama
         about the ideological conflict that separated John and Sam Adams. Starring Laurence
         Luckinbill ("The Boys in the Band") and James Karen. "NET Playhouse Biography: John and Sam
         Adams" ("The Boston Massacre") is a presentation of NET Division, Educational Broadcasting
         Corporation, produced by WQED, Pittsburgh. Produced and directed by M. von Brauchitsch
         Associate Producer: William Thompson NET Playhouse executive producer: Jac
         Venza</marc:subfield>
      </marc:datafield>
      <marc:datafield tag="337" ind1=" " ind2=" ">
         <marc:subfield code="a">Moving Image</marc:subfield>
         <marc:subfield code="2">MAVIS media type controlled vocabulary</marc:subfield>
      </marc:datafield>
      <marc:datafield tag="024" ind1="8" ind2=" ">
         <marc:subfield code="a">2448570</marc:subfield>
         <marc:subfield code="2">MAVIS Title Number</marc:subfield>
      </marc:datafield>
      <marc:datafield tag="024" ind1="8" ind2=" ">
         <marc:subfield code="a">NPBJ</marc:subfield>
         <marc:subfield code="2">NET/PBS NOLA</marc:subfield>
      </marc:datafield>
      <marc:datafield tag="024" ind1="8" ind2=" ">
         <marc:subfield code="a">239 (NET microfiche)</marc:subfield>
         <marc:subfield code="2">NET/PBS number</marc:subfield>
      </marc:datafield>
      <marc:datafield tag="024" ind1="8" ind2=" ">
         <marc:subfield code="a">0 (PBS-1994.xls Excel spreadsheet)</marc:subfield>
         <marc:subfield code="2">NET/PBS number</marc:subfield>
      </marc:datafield>
      <marc:datafield tag="546" ind1=" " ind2=" ">
         <marc:subfield code="a">English</marc:subfield>
      </marc:datafield>
      <marc:datafield tag="653" ind1=" " ind2=" ">
         <marc:subfield code="a">Boston Massacre, 1770</marc:subfield>
         <marc:subfield code="0">http://id.loc.gov/authorities/subjects/sh85015948</marc:subfield>
      </marc:datafield>
      <marc:datafield tag="653" ind1=" " ind2=" ">
         <marc:subfield code="a">Adams, John, 1735-1826</marc:subfield>
         <marc:subfield code="0">http://id.loc.gov/authorities/names/n79105675</marc:subfield>
      </marc:datafield>
      <marc:datafield tag="653" ind1=" " ind2=" ">
         <marc:subfield code="a">Adams, Samuel, 1722-1803</marc:subfield>
         <marc:subfield code="0">http://id.loc.gov/authorities/names/n50037043</marc:subfield>
      </marc:datafield>
      <marc:datafield tag="245" ind1="0" ind2="0">
         <marc:subfield code="a">NET playhouse biography. John and Sam
         Adams.</marc:subfield>
         <marc:subfield code="b">WQED, Pittsburgh ; presentation of NET
         Division, Educational Broadcasting Corporation ; producer-director, M. von Brauchitsch ;
         associate producer, William Thompson ; NET playhouse executive producer, Jac
         Venza.</marc:subfield>
      </marc:datafield>
      <marc:datafield tag="246" ind1="3" ind2="3">
         <marc:subfield code="a">John and Sam Adams.</marc:subfield>
      </marc:datafield>
      <marc:datafield tag="246" ind1="3" ind2="3">
         <marc:subfield code="a">Biography John and Sam
         Adams.</marc:subfield>
      </marc:datafield>
      <marc:datafield tag="246" ind1="3" ind2="3">
         <marc:subfield code="a">John and Sam Adams. Biography John
         and Sam Adams.</marc:subfield>
      </marc:datafield>
      <marc:datafield tag="246" ind1="3" ind2="3">
         <marc:subfield code="a">NET playhouse. [No. 239], NET playhouse biography.
         John and Sam Adams.</marc:subfield>
      </marc:datafield>
      <marc:datafield tag="655" ind1=" " ind2="0">
         <marc:subfield code="a">Fiction television programs
         (lcgft)</marc:subfield>
         <marc:subfield code="0">http://id.loc.gov/authorities/genreForms/gf2011026252\n</marc:subfield>
      </marc:datafield>
      <marc:datafield tag="655" ind1=" " ind2="0">
         <marc:subfield code="a">Historical television programs
         (lcgft)</marc:subfield>
         <marc:subfield code="0">http://id.loc.gov/authorities/genreForms/gf2011026315</marc:subfield>
      </marc:datafield>
   </marc:record>