
   <marc:record>
      <marc:leader>      am         3u     </marc:leader>
      <marc:datafield tag="042" ind1=" " ind2=" ">
         <marc:subfield code="a">dc</marc:subfield>
      </marc:datafield>
      <marc:datafield tag="720" ind1=" " ind2=" ">
         <marc:subfield code="a">Palance, Jack</marc:subfield>
         <marc:subfield code="e">Cast/Actor</marc:subfield>
         <marc:subfield code="0">http://id.loc.gov/authorities/names/n85067145</marc:subfield>
      </marc:datafield>
      <marc:datafield tag="720" ind1=" " ind2=" ">
         <marc:subfield code="a">Public
         Broadcasting Service</marc:subfield>
         <marc:subfield code="e">Broadcaster</marc:subfield>
         <marc:subfield code="0">http://id.loc.gov/authorities/names/n86134532</marc:subfield>
      </marc:datafield>
      <marc:datafield tag="720" ind1=" " ind2=" ">
         <marc:subfield code="a">Cash,
         Johnny</marc:subfield>
         <marc:subfield code="e">Cast/Actor</marc:subfield>
         <marc:subfield code="0">http://id.loc.gov/authorities/names/n79018367</marc:subfield>
      </marc:datafield>
      <marc:datafield tag="720" ind1=" " ind2=" ">
         <marc:subfield code="a">Cotten,
         Joseph</marc:subfield>
         <marc:subfield code="e">Narrator</marc:subfield>
         <marc:subfield code="0">http://id.loc.gov/authorities/names/n81074395</marc:subfield>
      </marc:datafield>
      <marc:datafield tag="720" ind1=" " ind2=" ">
         <marc:subfield code="a">Delaney, Ann</marc:subfield>
         <marc:subfield code="e">Associate Producer</marc:subfield>
         <marc:subfield code="0">http://id.loc.gov/authorities/names/no95059476</marc:subfield>
      </marc:datafield>
      <marc:datafield tag="720" ind1=" " ind2=" ">
         <marc:subfield code="a">Hanser, David</marc:subfield>
         <marc:subfield code="e">Editor (Film)</marc:subfield>
         <marc:subfield code="0">http://id.loc.gov/authorities/names/no2008011494</marc:subfield>
      </marc:datafield>
      <marc:datafield tag="720" ind1=" " ind2=" ">
         <marc:subfield code="a">Davis, Harry, 1907-1997</marc:subfield>
         <marc:subfield code="e">Cast/Actor</marc:subfield>
      </marc:datafield>
      <marc:datafield tag="720" ind1=" " ind2=" ">
         <marc:subfield code="a">Educational Broadcasting Corporation. NET Division</marc:subfield>
         <marc:subfield code="e">Production Company</marc:subfield>
         <marc:subfield code="0">http://id.loc.gov/authorities/names/n81076889</marc:subfield>
      </marc:datafield>
      <marc:datafield tag="720" ind1=" " ind2=" ">
         <marc:subfield code="a">Slate,
         Lane</marc:subfield>
         <marc:subfield code="e">Director</marc:subfield>
         <marc:subfield code="0">http://id.loc.gov/authorities/names/no2009059780</marc:subfield>
      </marc:datafield>
      <marc:datafield tag="720" ind1=" " ind2=" ">
         <marc:subfield code="a">Slate,
         Lane</marc:subfield>
         <marc:subfield code="e">Writer</marc:subfield>
         <marc:subfield code="0">http://id.loc.gov/authorities/names/no2009059780</marc:subfield>
      </marc:datafield>
      <marc:datafield tag="720" ind1=" " ind2=" ">
         <marc:subfield code="a">Slate,
         Lane</marc:subfield>
         <marc:subfield code="e">Producer</marc:subfield>
         <marc:subfield code="0">http://id.loc.gov/authorities/names/no2009059780</marc:subfield>
      </marc:datafield>
      <marc:datafield tag="260" ind1=" " ind2=" ">
         <marc:subfield code="c">1971-7-8</marc:subfield>
      </marc:datafield>
      <marc:datafield tag="520" ind1=" " ind2=" ">
         <marc:subfield code="a">From NET microfiche: "The Trail of Tears" was originally telecast as NET
         Playhouse #186 in April, 1970. "The Trail of Tears" represents one of the most ambitious
         productions ever undertaken by NET Playhouse. It was written, produced, and directed by
         Lane Slate, who assembled an outstanding cast, including Johnny Cash in his dramatic debut.
         The program was filmed on location in the Southeastern United States, except for a small
         portion filmed in Massachusetts. Cash, who is one-eighth Cherokee Indian, plays the key
         role of Cherokee Chief John Ross, who is believed also to have been one-eighth Cherokee
         (and seven-eighths Scotsman). Jack Palance portrays President Andrew Jackson. The voice of
         Joseph Cotton is heard in the role of a reporter who serves the dual function of narrator
         and of catalyst as he questions the characters (in the style of "You are There"). William
         Redfield and Pat Hingle also co-star. "The Trail of Tears" is a dramatization of the events
         leading up to the Cherokee Nation's terror-filled journey from it Southeastern homeland to
         the Oklahoma Territory in 1838-39; the journey itself, on which thousands dies; and the
         resulting inner-tribal conflict that divided the Cherokee people for decades. The story:
         The state of Georgia, seeking to include within its boundaries the land occupied by the
         Cherokees, passes legislation declaring all Cherokee laws null and void in Georgia and
         denying Indians any legal recourse. The Georgia law violates a treaty between the US and
         the Cherokee Nation committing the US to protection of the national integrity of the
         Cherokees. President Jackson is deaf to the pleas of Chief John Ross despite the fact that
         George Washington himself had strongly influenced the Cherokees to develop their farmlands
         and adopt the methods of the white man, which the Cherokee did. (In fact, contrary to the
         popular concept of Indian life, the Cherokees of the 1830s were living on ranches, and some
         families even had black slaves.) Jackson, very ill, is preoccupied with his own miseries,
         and the Georgians who want the Indians drive out are his strong political allies.
         Meanwhile, the Georgia Mounted Volunteers harass the Cherokees with acts of terror.
         Eventually, an important Cherokee tribesman, John Ridge, Speaker of the Council of Chiefs,
         announces that he favors removal of the tribe to Oklahoma. Nevertheless, Ridge's decision
         is in conflict with the Cherokee Blood Law - giving up lands belonging to the Cherokee
         Nation must be punished by death. This is the beginning of a split between the Cherokee
         people that causes bloodshed for many years to come because many Indians side with Ridge,
         incurring the bitterness of the other tribesmen. Meanwhile, Georgia conducts a lottery
         which divides up the Cherokee farms among white farmers. Ross comes home one day to
         discover that his farm has been taken away from him. He gathers his family and leaves. In
         1835 a US Indian agent calls on the Cherokee to vote on a proposed treaty providing for the
         removal of the Cherokees to the Oklahoma Territory. He rules that any tribe member who does
         not appear is to be counted as favoring the proposal. The treaty is approved, opening the
         schism among the Indians. Ridge and his father will later be murdered, as will many of
         their followers. Before resettlement takes place, US soldiers under Gen. Winfield Scott and
         members of the Georgia Mounted Volunteer begin the brutal process of rounding up the
         resisting Cherokee farmers and placing them in stockades prior to deportation. The
         Cherokees are place in 12 ill-equipped stockades. Ross and his family surrender themselves
         from their Tennessee encampment and join the other tribesmen. The Indians' journey begins
         in the fall of 1838. Winter arrives and plagues the poorly-dressed and virtually
         unsheltered travelers. Game is scarce and the food supplies dwindles. Diphtheria and
         pneumonia become commonplace and before the trip is over some 4,500 Cherokees, including
         Ross' wife, dieon what comes to be known as the trail of tears. The play ends despairingly,
         with a look at the barren modern-day Cherokee country in Oklahoma. It points out that after
         the Cherokees had restored their Civilization on their new lands, Oklahoma became a state
         and took virtually everything away from them again. In addition to the obvious injustices
         suffered by the Cherokees, the play seeks to emphasize a point in reference to forced
         migrations that is generally obscure to white Americans. It is most clearly presented in a
         passage spoken by John Ridge: "Whether we become Methodists or Catholics or Hindu - or
         whatever - underneath that contemporary ceremony is a continuous, generation-to-generation,
         inherited belief that the land - not the buildings on it - but the land is our church.
         Because our fathers are interred in it, and their fathers. It is out link to them. It is
         our belief the land of our birth - because it is out link to them - is especially holy.
         That is why it is our church." Some notes about the supporting cast: Many roles have been
         filled by Cherokees who are not professional actors and actresses. Chief Ross' full-blood
         Cherokee wife, Quatie, is played by Paulette Smart of Cherokee, North Carolina; Johnny
         Cash's wife, singer June Carter, appears in a cameo role as the wife of the farmer who
         appropriates Ross' land. Bobby Wooten, guitarist in Cash's troupe, plays a white scout; and
         Arthur Junalusha claims the distinction of being the world's only professional full-blooded
         Cherokee actor. The following is a list of other supporting players: Governor Gilmer -
         Harry Davis Senator Lumpkin - John Randolph George Washington - Pat Hingle Reverend Samuel
         Worcestor - William Redfield John Ridge - Vic Mohica Elias Boudinot - Mike Crow BF Curry -
         Tom Klunis JE Schermerhorn - Ramon Gordon Gen. Winfield Scott - Kent Smith Martin Van Buren
         - Kurt Freed Col. Kenen - Ed Cope White Farmer - Ralph Henry White Farmer's wife - June
         Carter Col. Sanford - Frank Needham Doctor - Frank Goften Indian Who Tells Story - Richard
         Crowe Georgia Officer - Ben Hornbuckle Officer's Assistant - Irving McCoy NET Playhouse -
         "The Trail of Tears" is a production of NET Division, Educational Broadcasting Corporation.
         Written, produced, and directed by Lane Slate. Associate producers: Ann Delaney and Peter
         Scarlet. Film editor: David Hanser. This program is transmitted nationally by PBS, the
         Public Broadcasting Service.</marc:subfield>
      </marc:datafield>
      <marc:datafield tag="337" ind1=" " ind2=" ">
         <marc:subfield code="a">Moving Image</marc:subfield>
         <marc:subfield code="2">MAVIS media type controlled vocabulary</marc:subfield>
      </marc:datafield>
      <marc:datafield tag="024" ind1="8" ind2=" ">
         <marc:subfield code="a">2415414</marc:subfield>
         <marc:subfield code="2">MAVIS Title Number</marc:subfield>
      </marc:datafield>
      <marc:datafield tag="024" ind1="8" ind2=" ">
         <marc:subfield code="a">NPTL</marc:subfield>
         <marc:subfield code="2">NET/PBS NOLA</marc:subfield>
      </marc:datafield>
      <marc:datafield tag="024" ind1="8" ind2=" ">
         <marc:subfield code="a">0</marc:subfield>
         <marc:subfield code="2">NET/PBS number</marc:subfield>
      </marc:datafield>
      <marc:datafield tag="546" ind1=" " ind2=" ">
         <marc:subfield code="a">English</marc:subfield>
      </marc:datafield>
      <marc:datafield tag="787" ind1="0" ind2=" ">
         <marc:subfield code="w">2415329</marc:subfield>
         <marc:subfield code="n">MAVIS id number</marc:subfield>
      </marc:datafield>
      <marc:datafield tag="653" ind1=" " ind2=" ">
         <marc:subfield code="a">Trail of Tears, 1838-1839</marc:subfield>
         <marc:subfield code="0">http://id.loc.gov/authorities/subjects/sh85023090</marc:subfield>
      </marc:datafield>
      <marc:datafield tag="653" ind1=" " ind2=" ">
         <marc:subfield code="a">Ross, John, 1790-1866</marc:subfield>
         <marc:subfield code="0">http://id.loc.gov/authorities/names/n82214557</marc:subfield>
      </marc:datafield>
      <marc:datafield tag="245" ind1="0" ind2="0">
         <marc:subfield code="a">NET playhouse biography. John Ross.</marc:subfield>
         <marc:subfield code="b">NET Division, EBC ; producer-director-writer,
         Lane Slate ; associate producers, Ann Delaney, Peter Scarlet.</marc:subfield>
      </marc:datafield>
      <marc:datafield tag="246" ind1="3" ind2="3">
         <marc:subfield code="a">John Ross.</marc:subfield>
      </marc:datafield>
      <marc:datafield tag="246" ind1="3" ind2="3">
         <marc:subfield code="a">NET playhouse.
         Trail of tears.</marc:subfield>
      </marc:datafield>
      <marc:datafield tag="246" ind1="3" ind2="3">
         <marc:subfield code="a">The trail of tears.</marc:subfield>
      </marc:datafield>
      <marc:datafield tag="246" ind1="3" ind2="3">
         <marc:subfield code="a">The trail of tears--John Ross. NET
         playhouse biography.</marc:subfield>
      </marc:datafield>
      <marc:datafield tag="655" ind1=" " ind2="0">
         <marc:subfield code="a">Biographical television programs
         (lcgft)</marc:subfield>
         <marc:subfield code="0">http://id.loc.gov/authorities/genreForms/gf2011026091</marc:subfield>
      </marc:datafield>
      <marc:datafield tag="655" ind1=" " ind2="0">
         <marc:subfield code="a">Fiction television programs
         (lcgft)</marc:subfield>
         <marc:subfield code="0">http://id.loc.gov/authorities/genreForms/gf2011026252\n</marc:subfield>
      </marc:datafield>
      <marc:datafield tag="655" ind1=" " ind2="0">
         <marc:subfield code="a">Historical television programs
         (lcgft)</marc:subfield>
         <marc:subfield code="0">http://id.loc.gov/authorities/genreForms/gf2011026315</marc:subfield>
      </marc:datafield>
   </marc:record>