
   <marc:record>
      <marc:leader>      am         3u     </marc:leader>
      <marc:datafield tag="042" ind1=" " ind2=" ">
         <marc:subfield code="a">dc</marc:subfield>
      </marc:datafield>
      <marc:datafield tag="720" ind1=" " ind2=" ">
         <marc:subfield code="a">Palance, Jack</marc:subfield>
         <marc:subfield code="e">Cast/Actor</marc:subfield>
         <marc:subfield code="0">http://id.loc.gov/authorities/names/n85067145</marc:subfield>
      </marc:datafield>
      <marc:datafield tag="720" ind1=" " ind2=" ">
         <marc:subfield code="a">National Educational Television and Radio Center</marc:subfield>
         <marc:subfield code="e">Broadcaster</marc:subfield>
         <marc:subfield code="0">http://id.loc.gov/authorities/names/n80050382</marc:subfield>
      </marc:datafield>
      <marc:datafield tag="720" ind1=" " ind2=" ">
         <marc:subfield code="a">Cash,
         Johnny</marc:subfield>
         <marc:subfield code="e">Cast/Actor</marc:subfield>
         <marc:subfield code="0">http://id.loc.gov/authorities/names/n79018367</marc:subfield>
      </marc:datafield>
      <marc:datafield tag="720" ind1=" " ind2=" ">
         <marc:subfield code="a">Cotten,
         Joseph</marc:subfield>
         <marc:subfield code="e">Narrator</marc:subfield>
         <marc:subfield code="0">http://id.loc.gov/authorities/names/n81074395</marc:subfield>
      </marc:datafield>
      <marc:datafield tag="720" ind1=" " ind2=" ">
         <marc:subfield code="a">Delaney, Ann</marc:subfield>
         <marc:subfield code="e">Associate Producer</marc:subfield>
         <marc:subfield code="0">http://id.loc.gov/authorities/names/no95059476</marc:subfield>
      </marc:datafield>
      <marc:datafield tag="720" ind1=" " ind2=" ">
         <marc:subfield code="a">Hanser, David</marc:subfield>
         <marc:subfield code="e">Editor (Film)</marc:subfield>
         <marc:subfield code="0">http://id.loc.gov/authorities/names/no2008011494</marc:subfield>
      </marc:datafield>
      <marc:datafield tag="720" ind1=" " ind2=" ">
         <marc:subfield code="a">Davis, Harry, 1907-1997</marc:subfield>
         <marc:subfield code="e">Cast/Actor</marc:subfield>
      </marc:datafield>
      <marc:datafield tag="720" ind1=" " ind2=" ">
         <marc:subfield code="a">National Educational Television and Radio Center</marc:subfield>
         <marc:subfield code="e">Production Company</marc:subfield>
         <marc:subfield code="0">http://id.loc.gov/authorities/names/n80050382</marc:subfield>
      </marc:datafield>
      <marc:datafield tag="720" ind1=" " ind2=" ">
         <marc:subfield code="a">Slate,
         Lane</marc:subfield>
         <marc:subfield code="e">Director</marc:subfield>
         <marc:subfield code="0">http://id.loc.gov/authorities/names/no2009059780</marc:subfield>
      </marc:datafield>
      <marc:datafield tag="720" ind1=" " ind2=" ">
         <marc:subfield code="a">Slate,
         Lane</marc:subfield>
         <marc:subfield code="e">Writer</marc:subfield>
         <marc:subfield code="0">http://id.loc.gov/authorities/names/no2009059780</marc:subfield>
      </marc:datafield>
      <marc:datafield tag="720" ind1=" " ind2=" ">
         <marc:subfield code="a">Slate,
         Lane</marc:subfield>
         <marc:subfield code="e">Producer</marc:subfield>
         <marc:subfield code="0">http://id.loc.gov/authorities/names/no2009059780</marc:subfield>
      </marc:datafield>
      <marc:datafield tag="260" ind1=" " ind2=" ">
         <marc:subfield code="c">1970-4-30</marc:subfield>
      </marc:datafield>
      <marc:datafield tag="260" ind1=" " ind2=" ">
         <marc:subfield code="c">1970-5-1</marc:subfield>
      </marc:datafield>
      <marc:datafield tag="520" ind1=" " ind2=" ">
         <marc:subfield code="a">From NET microfiche, file T: "'The Trail of Tears," written by NET producer
         Lane Slate, is Playhouse' most ambitious production for 1970. An outstanding cast has been
         assembled, but of extra significance is the fact that this play marks the dramatic debut of
         Johnny Cash, the country music singer and guitarist whose soaring popularity over the past
         two years has placed him unquestionably number one in his field. (The Evelyn and Arthur
         Barron documentary "Johnny Cash! The Man, His Music, His World," originally seen on PBL,
         has now been released to commercial theaters.) Cash, who is one-eighth Cherokee, plays the
         role of Cherokee Chief John Ross, who was also one-eighth Indian (and seven-eighths
         Scotsman). Jack Palance portrays President Andrew Jackson. Joseph Cotten is not seen, but
         his voice is heard throughout the play in the role of a reporter who serves the dual
         function of narrator and catalyst, presenting facts for the audience and eliciting comments
         from the characters. "The Trail of Tears" should properly be described not as a drama, in
         the strict sense, but rather as a dramatization of the events leading up to the Cherokee
         Nation's horror-filled journey from their Southeastern homelands to the Oklahoma Territory
         in 1838-39, including the journey itself, and the resulting inner-tribal conflict that
         divided the Cherokee people for decades. The story: The State of Georgia, seeking the land
         occupied by the Cherokees within its boundaries, passes a law declaring all Cherokee laws
         null and void in Georgia and denying Indians any legal recourse. No Cherokee, in fact, is
         entitled to a trial, nor can he testify in court. The Georgia law violates a treaty between
         the U.S. and the Cherokee Nation - a treaty that commits the U.S. to protection of the
         national integrity of the Cherokees. But Jackson is deaf to the pleas of Chief Ross,
         despite the treaty, despite the fact that Ross and many other Cherokees played a major part
         in helping Jackson defeat the Creek Indians, and despite the fact that George Washington
         himself had strongly influenced the Cherokees to develop their farmlands and adopt the
         methods of the white man (which the Cherokees did. In fact, contrary to the popular concept
         of Indian life, the Cherokees of the 1830's were living on ranches, and some families even
         had black slaves.) Jackson is very ill. He suffers from dropsy and possibly from
         consumption; he has a bullet lodged in his chest and another in his left arm which has
         rendered the limb useless. He is preoccupied with his own miseries, and adding to his
         callousness toward the Cherokee plight is the fact that the Georgians who want the Indians
         driven out are strong political allies of his. Meanwhile, the Georgia Mounted Volunteers
         harass the Cherokees with acts of terror. Eventually, an important Cherokee tribesman, John
         Ridge, Speaker of the Council of Chiefs, announces that he favors removal of the tribe to
         Oklahoma. As Ridge's father later explains: "The white man is coming here. With his
         rudeness. With his whiskey. With his prostitutes. It is as certain he is coming as it is we
         are going. It is only that my son is the first to clearly see that" Nevertheless, Ridge's
         decision is in conflict with the Cherokee Blood Law - giving up lands belonging to the
         Cherokee Nation must be punished by death. This is the beginning of a split between the
         Cherokee people that will cause bloodshed for many years to come because many Indians sided
         with Ridge, incurring the bitterness of the other tribesmen. Meanwhile, Georgia conducts a
         lottery which divides up the Cherokee farms among white farmers. Ross comes home one day
         after a fruitless meeting with Jackson only to discover that his farm has been taken away
         from him and his family is holed up in the pig shed. He gathers his family and leaves.
         Early in 1835 a U.S. Indian agent calls a meeting of the Cherokees to vote on a proposed
         new treaty, one that provides for the removal of the Cherokees to the Oklahoma Territory.
         He rules that any tribe member who does not show up is to be counted as in favor of the
         proposal. The treaty is approved, opening the schism among the Indians. Ridge and his
         father will later be murdered, as will many of their followers. In fact, the anti-removal
         faction, headed by Ross, and the pro-removal faction were to battle long after the
         Cherokees resettled in Oklahoma. But before resettlement takes place much is yet to happen.
         U.S. soldiers under Gen. Winfield Scott, and members of the Georgia Mounted Volunteers
         begin the brutal process of rounding up the resisting Cherokee farmers and placing them in
         stockades prior to deportation. (The play opens, before credits, with a preview of this as
         two Georgia Volunteers rout an Indian family off their ranch and murder a black slave.) The
         Cherokees, or as many as can be found (some managed to elude the soldiers and hid in the
         Smoky Mountains, later to resettle in North Carolina) are placed in 12 ill-equipped
         stockades. Ross and his family surrender themselves from their Tennessee encampment and
         join the other tribesmen. The Indians' journey begins in the fall of 1838. They have been
         paid a nominal sum for the farms they gave up, and most of this money goes to pay
         exorbitant fees which they are charged on Appalachian toll roads. Winter arrives and the
         convoy is barely half-way to its destination. Cold rains, sleet and snow begin to plague
         the poorly-dressed and virtually unsheltered travelers. Game becomes scarce and the food
         supply dwindles. Diphtheria and pneumonia become commonplace, and before the trip is over
         some 4,500 Cherokees, including Ross' wife, die on what comes to be known as the trail of
         tears. In the meantime, Jackson's successor, President Martin Van Buren, reports to the
         press: "It affords me great pleasure to apprise the nation of the entire removal of the
         Cherokee Nation of Indians to their new homes west of the Mississippi. The measures
         authorized by Congress have had the happiest effects their removal has been principally
         under the conduct of their own chiefs, and they have emigrated without any apparent
         reluctance." The play ends despairingly, with a look at the barren modern-day Cherokee
         country in Oklahoma. It points out that after the Cherokees had restored their civilization
         on their new lands, Oklahoma became a state and took virtually everything away from them
         again. In addition to the obvious injustices suffered by the Cherokees, the play seeks to
         emphasize a point that is generally obscure to white Americans. It is most clearly put
         forth in a passage spoken by John Ridge: "Whether we become Methodists or Catholics or
         Hindu - or whatever - underneath that contemporary ceremony is a continuous,
         generation-to-generation, inherited belief that the land - not the buildings on it - but
         the land is our church. Because our fathers are interred in it, and their fathers. It is
         our link to them. It is our belief the land of our birth - because it is our link to them -
         is especially holy. That is why it is our church." Some notes about the supporting cast:
         Many roles have been filled by Cherokees who are not professional actors and actresses- the
         most important of these roles, that of Chief Ross' full-blood Cherokee wife, Quatie, is
         played by Paulette Smart of Cherokee, North Carolina. You will receive shortly from Greg
         Vitiello a feature about her with pics (in addition to feature and bio material on other
         players). Johnny Cash's wife, singer June Carter, plays a cameo role. She appears as the
         wife of the farmer who appropriates Ross' land. Bobby Wooten, guitarist in the group The
         Tennessee Three, which is part of Cash's troupe, plays the role of a white scout who
         travels with the Indians to Oklahoma. Arthur Junaluska (Ridge's father) claims the
         distinction of being the world's only professional full-blooded Cherokee actor. Following
         is a list of other supporting players: Governor Gilmer - Harry Davis Senator Lumpkin - John
         Randolph George Washington - Pat Hingle Reverend Samuel Worcestor - William Redfield John
         Ridge - Vic Monica Elias Boudinot - Mike Crow B.F. Curry - Tom Klunis J.F. Schermerhorn -
         Ramon Gordon Gen. Winfield Scott - Kent Smith Martin Van Buren - Burt Freed Col. Kenen - Ed
         Cope White Farmer - Ralph Henry White Farmer's Wife - June Carter Col. Sanford - Frank
         Needham Doctor - Frank Goften Indian Who Tells Story - Richard Crowe Georgia Officer - Ben
         Hornbuckle Officer's Assistant - Irving McCoy Suggested Newspaper Listing: Johnny Cash and
         Jack Palance star in this tragic story of the Cherokee Indians' forced removal from their
         lands in Georgia and the resulting civil war that ravaged the Cherokee Nation. With Joseph
         Cotten, William Redfield, John Randolph, Pat Hingle, and introducing Paulette Smart. NET
         Playhouse - "The Trail of Tears" is an NET production. Written, produced, and directed by
         Lane Slate. Associate producers: Ann Delaney and Peter Scarlet. Film editor: David Hanser.
         Additional Information from NET Press Release from 2/12/70: Paulette Smart is a policeman's
         wife and former "Miss Cherokee." Remembering her own childhood, she laments the fact that
         "my grandfather wouldn't teach Cherokee to his children or grandchildren. In school, he'd
         been whipped because he couldn't speak English. And he didn't want that to happen to any of
         us." Instead, her grandfather would "talk it to his wife when he didn't want us to
         understand." But the filming of NET's "Trail of Tears" in Cherokee, N.C., enabled Paulette
         to tap her own Cherokee roots. "They needed about 200 Indians to play in the stockade
         scene," Paulette recalls. "And my daughter Diane wanted to be in the film." NET had run an
         ad in One Feather, the Cherokees' local paper, notifying all prospective actors to appear
         at the newspaper office for auditions. Ann Delaney, associate producer for the production,
         was on hand to take Polaroid photos of each applicant. When the photographs were studied,
         producer Lane Slate then selected Paulette -- a woman with fine features and classically
         pronounced cheekbones -- to play the role of Quatie Ross, wife of Chief John Ross. The
         drama, based on an original script by Slate, features singer Johnny Cash in the role of
         John Ross. It will be seen ___ at ___ on Channel ___. "I was delighted when they gave me
         the part of Quatie," says Paulette. "I hadn't even thought about being in the play, but
         Diane wanted me to be with her when she auditioned." The nine-year-old Diane was chosen as
         one of the 200 Cherokees who are herded into the stockade prior to their removal from
         Georgia to Oklahoma. Paulette appears in several scenes, always stately and silent, at her
         husband's side. The drama recounts the Cherokees' betrayal by the U.S. government and their
         eventual death march during the harsh winter of 1839. It is during this march that Quatie
         dies. Until recently, Cherokee was Paulette's full-time home. She was employed there as
         receptionist in the OEO-sponsored Cherokee Community Action Program. At present, however,
         she spends most of the year in Mulberry, Fla., where her husband is a member of the police
         department. "When the chief learned I was going to be in the play, he sent me a nice letter
         of congratulation," Paulette notes proudly. During each summer, Paulette and her family
         return to Cherokee, visiting her lifelong friends and reviving their heritage. "Now, more
         than ever, I wish my grandfather had taught the Cherokee language to me," she concludes
         recognizing, the influence of her acting experience. Additional Information from NET Press
         Release from 4/1/70: He doesn't have the gravel-textured voice of Johnny Cash or the
         macabre expressions of Jack Palance - but Arthur S. Junaluska will never suffer an identity
         crisis. That's because Junaluska, who appears with Cash and Palance ___ at ___ over Channel
         ___ in the NET Playhouse production, "The Trail of Tears," is the world's only professional
         full-blooded Cherokee Indian actor. For that matter, he's also the only professional
         full-blooded Cherokee playwright, producer, director, composer, and choreographer. And, by
         the way, he's a medical researcher who is credited with helping to perfect a blood test for
         venereal disease. Just in case any further distinctions are required, Junaluska is a
         descendant of two great chiefs of the Cherokee Nation, Junaluska and Yonaguska. "They were
         half brothers," explains the present-day Junaluska, a six-foot, 180-pounder, who displays
         all the austere mannerisms that his namesake might have possessed. "Junaluska saved the
         life of (Andrew) Jackson," he relates. "It was at the Battle of Horseshoe Bend and some of
         the Cherokees who were fighting on the same side as Jackson were plotting to kill him. But
         Junaluska put a stop to that." The story is ironic because Jackson was to become the
         President who collaborated in throwing the Cherokees off their Southeastern homelands. "The
         Trail of Tears," in fact, is about that Program in American history, when the U.S.
         government turned its back while the State of Georgia stripped the Cherokees of their legal
         rights, confiscated their farms, and eventually forced their migration to the Oklahoma
         Territory. The play dramatizes these events, with Junaluska in the role of an influential
         Cherokee tribesman who unwittingly helps precipitate a civil war among his people. Cash,
         who is part Cherokee in real life, makes his dramatic debut in the role of Chief John Ross,
         and Palance plays President Jackson. Of course, this will not be the first time Junaluska
         will be seen on TV in the role of an Indian. You may have caught him on the Ed Sullivan
         Show with Rex Harrison and Lili Palmer in a skit mocking the traditional American Indian
         stereotypes. If not, you may have seen him in small roles on any number of programs,
         including "Studio One," "'You Are There," "Armstrong Circle Playhouse," "Kraft Theater,"
         "The Phil Silvers Show," "GE Theater," "To Tell the Truth," "The Big Story," and "Frontiers
         of Faith." He's also been on stage in several plays, including two which he produced and
         directed off-Broadway, "The Arrowmaker" and "News on the Wind," and he's had some small
         movie roles. But the creation he is most proud of is his ballet, "Dance of the Twelve
         Moons," which was presented at the 1963 Indian Festival in La Grande, Oregon, "It includes
         dances probably never seen before by white men," he says, "and maybe, some never seen even
         by Indians (of today). I think it's the best piece of work I've done." Junaluska, who is
         married, was born in Cherokee, North Carolina, some 50 years ago. He earned an A.B. degree
         at Maryville College in Tennessee. During World War II he served in the Medical Corps
         attached to air and ground forces in Europe, and when the war was over he stayed in England
         and worked as a researcher at the South London Blood Transfusion Centre in Sutton Surrey.
         It was there that he contributed an important modification for the serological test to spot
         VD. But in 1955 Junaluska gave up medical research and returned to the U.S. to pursue his
         primary interest, the theatrical arts. He launched his professional career with a part in
         director Margaret Webster's Broadway play "The Wrong are Lonely." In fact, says Junaluska,
         "It was two great ladies of the theater, Margaret Webster and Eve La Gallianne, who
         inspired me to continue my career." That same year, 1956, Junaluska organized the American
         Indian Drama Company and began writing and directing Indian dramas for radio and television
         and for presentation on college campuses and in Indian communities. In the summers of 1960
         and 1961 he was director and coordinator of the Indian village at New York City's mammoth
         "Freedomland" amusement center, where he presented tribal dances and songs and dramatized
         Indian legends. During that same period he founded the American Indian Society of Creative
         Arts, which subsequently became dormant, but which he says may soon be reactivated in line
         with his overriding ambition. "Eventually I want to have an American Indian repertory
         company," he explains. "That is what I want most." Additional Information from NET Press
         Release from 4/8/70: Percussionist and composer Max Roach has written an all-drum score for
         the NET Playhouse production "The Trail of Tears," a drama starring Johnny Cash and Jack
         Palance which will be telecast ___ at ___ over Channel ___. "The Trail of Tears" dramatizes
         the plight of the Cherokee Indians, who were thrown off their Southeastern homelands in the
         1830s and forced to migrate westward during a winter in which some 4,500 tribesmen died
         from disease and exposure. Roach, who has been leading his own ensemble since the late
         1940s, is ranked among the greatest jazz drummers of all time. While still in his teens he
         was playing alongside such giants as Dizzy Gillespie, Bud Powell, Thelonious Monk, Charlie
         Parker, and Lester Young. Among the better-known artists who formerly played in Roach's
         ensemble are Sonny Rollins, Charlie Mingus, Freddie Hubbard, Donald Byrd, and Cedar Walton.
         His wife, actress-singer Abbey Lincoln, has been a vocalist with the group since 1962. She
         also writes lyrics for many of her husband's songs. Roach's larger compositions include the
         suites "Freedom Now!" "It's Time," and "Sweet Love," all of which are written for chorus,
         solo vocalist, and ensemble, and the musical "Another Valley."</marc:subfield>
      </marc:datafield>
      <marc:datafield tag="024" ind1="8" ind2=" ">
         <marc:subfield code="a">2415329</marc:subfield>
         <marc:subfield code="2">MAVIS Title Number</marc:subfield>
      </marc:datafield>
      <marc:datafield tag="024" ind1="8" ind2=" ">
         <marc:subfield code="a">NPTL</marc:subfield>
         <marc:subfield code="2">NET/PBS NOLA</marc:subfield>
      </marc:datafield>
      <marc:datafield tag="024" ind1="8" ind2=" ">
         <marc:subfield code="a">0</marc:subfield>
         <marc:subfield code="2">NET/PBS number</marc:subfield>
      </marc:datafield>
      <marc:datafield tag="024" ind1="8" ind2=" ">
         <marc:subfield code="a">186?</marc:subfield>
         <marc:subfield code="2">NET/PBS number</marc:subfield>
      </marc:datafield>
      <marc:datafield tag="787" ind1="0" ind2=" ">
         <marc:subfield code="w">2415414</marc:subfield>
         <marc:subfield code="n">MAVIS id number</marc:subfield>
      </marc:datafield>
      <marc:datafield tag="653" ind1=" " ind2=" ">
         <marc:subfield code="a">Trail of Tears, 1838-1839</marc:subfield>
         <marc:subfield code="0">http://id.loc.gov/authorities/subjects/sh85023090</marc:subfield>
      </marc:datafield>
      <marc:datafield tag="653" ind1=" " ind2=" ">
         <marc:subfield code="a">Ross, John, 1790-1866</marc:subfield>
         <marc:subfield code="0">http://id.loc.gov/authorities/names/n82214557</marc:subfield>
      </marc:datafield>
      <marc:datafield tag="245" ind1="0" ind2="0">
         <marc:subfield code="a">NET playhouse. The trail of tears.</marc:subfield>
         <marc:subfield code="b">NET ; producer-director-writer, Lane Slate ;
         associate producers, Ann Delaney, Peter Scarlet.</marc:subfield>
      </marc:datafield>
      <marc:datafield tag="246" ind1="3" ind2="3">
         <marc:subfield code="a">The trail of tears.</marc:subfield>
      </marc:datafield>
      <marc:datafield tag="246" ind1="3" ind2="3">
         <marc:subfield code="a">NET playhouse
         #186--the trail of tears.</marc:subfield>
      </marc:datafield>
      <marc:datafield tag="246" ind1="3" ind2="3">
         <marc:subfield code="a">NET playhouse biography--John
         Ross.</marc:subfield>
      </marc:datafield>
      <marc:datafield tag="246" ind1="3" ind2="3">
         <marc:subfield code="a">The trail of tears. NET playhouse
         biography--John Ross.</marc:subfield>
      </marc:datafield>
      <marc:datafield tag="246" ind1="3" ind2="3">
         <marc:subfield code="a">NET playhouse. [No. 186], The trail of
         tears.</marc:subfield>
      </marc:datafield>
      <marc:datafield tag="655" ind1=" " ind2="0">
         <marc:subfield code="a">Biographical television programs
         (lcgft)</marc:subfield>
         <marc:subfield code="0">http://id.loc.gov/authorities/genreForms/gf2011026091</marc:subfield>
      </marc:datafield>
      <marc:datafield tag="655" ind1=" " ind2="0">
         <marc:subfield code="a">Fiction television programs
         (lcgft)</marc:subfield>
         <marc:subfield code="0">http://id.loc.gov/authorities/genreForms/gf2011026252\n</marc:subfield>
      </marc:datafield>
      <marc:datafield tag="655" ind1=" " ind2="0">
         <marc:subfield code="a">Historical television programs
         (lcgft)</marc:subfield>
         <marc:subfield code="0">http://id.loc.gov/authorities/genreForms/gf2011026315</marc:subfield>
      </marc:datafield>
   </marc:record>