
   <marc:record>
      <marc:leader>      am         3u     </marc:leader>
      <marc:datafield tag="042" ind1=" " ind2=" ">
         <marc:subfield code="a">dc</marc:subfield>
      </marc:datafield>
      <marc:datafield tag="720" ind1=" " ind2=" ">
         <marc:subfield code="a">Public
         Broadcasting Service</marc:subfield>
         <marc:subfield code="e">Broadcaster</marc:subfield>
         <marc:subfield code="0">http://id.loc.gov/authorities/names/n86134532</marc:subfield>
      </marc:datafield>
      <marc:datafield tag="720" ind1=" " ind2=" ">
         <marc:subfield code="a">WNET
         (Television station : New York, N.Y.)</marc:subfield>
         <marc:subfield code="e">Presenter</marc:subfield>
         <marc:subfield code="0">http://id.loc.gov/authorities/names/n80014556</marc:subfield>
      </marc:datafield>
      <marc:datafield tag="720" ind1=" " ind2=" ">
         <marc:subfield code="a">De La Torre, Raf</marc:subfield>
         <marc:subfield code="e">Cast/Actor</marc:subfield>
      </marc:datafield>
      <marc:datafield tag="720" ind1=" " ind2=" ">
         <marc:subfield code="a">Barron,
         Keith</marc:subfield>
         <marc:subfield code="e">Cast/Actor</marc:subfield>
         <marc:subfield code="0">http://id.loc.gov/authorities/names/nr2005023945</marc:subfield>
      </marc:datafield>
      <marc:datafield tag="720" ind1=" " ind2=" ">
         <marc:subfield code="a">Ainley,
         Anthony</marc:subfield>
         <marc:subfield code="e">Cast/Actor</marc:subfield>
         <marc:subfield code="0">http://id.loc.gov/authorities/names/no99088352</marc:subfield>
      </marc:datafield>
      <marc:datafield tag="720" ind1=" " ind2=" ">
         <marc:subfield code="a">British Broadcasting Corporation</marc:subfield>
         <marc:subfield code="e">Production Company</marc:subfield>
         <marc:subfield code="0">http://id.loc.gov/authorities/names/n79074359</marc:subfield>
      </marc:datafield>
      <marc:datafield tag="720" ind1=" " ind2=" ">
         <marc:subfield code="a">Venza, Jac</marc:subfield>
         <marc:subfield code="e">Executive Producer</marc:subfield>
         <marc:subfield code="0">http://id.loc.gov/authorities/names/no93017967</marc:subfield>
      </marc:datafield>
      <marc:datafield tag="720" ind1=" " ind2=" ">
         <marc:subfield code="a">Shivas,
         Mark</marc:subfield>
         <marc:subfield code="e">Producer</marc:subfield>
         <marc:subfield code="0">http://id.loc.gov/authorities/names/n85151988</marc:subfield>
      </marc:datafield>
      <marc:datafield tag="720" ind1=" " ind2=" ">
         <marc:subfield code="a">Glenister,
         John</marc:subfield>
         <marc:subfield code="e">Director</marc:subfield>
         <marc:subfield code="0">http://id.loc.gov/authorities/names/nr92004633</marc:subfield>
      </marc:datafield>
      <marc:datafield tag="720" ind1=" " ind2=" ">
         <marc:subfield code="a">Thorne,
         Ian</marc:subfield>
         <marc:subfield code="e">Writer</marc:subfield>
         <marc:subfield code="0">http://id.loc.gov/authorities/names/n50012695</marc:subfield>
      </marc:datafield>
      <marc:datafield tag="260" ind1=" " ind2=" ">
         <marc:subfield code="c">1972-3-16</marc:subfield>
      </marc:datafield>
      <marc:datafield tag="260" ind1=" " ind2=" ">
         <marc:subfield code="c">1970-11-25</marc:subfield>
      </marc:datafield>
      <marc:datafield tag="520" ind1=" " ind2=" ">
         <marc:subfield code="a">From NET microfiche, file B: The last stormy years in the brief, flamboyant
         life of Byron, English poet and satirist, are recounted in this BBC production starring
         British television star Keith Barron. The film begins when Byron settles in Venice with two
         mistresses, leaving behind him his many scandals in England. It is 1818; six years later,
         at the age of 36, he will die of illness while involved in the revolution in Greece. In the
         years that take him from Venice to the Greek battlefields he will make a final tormented
         choice between the lifestyle of a playboy and of an idealist. While in Venice Bryon is
         approached by his friends, Percy and Mary Shelley, who want to know how he intends to raise
         his illegitimate daughter, Allegra. They want the child to live with them, but Byron
         decides to place her in a convent. Meanwhile, Byron has become involved with the
         20-year-old wife of an elderly count. The poet is in deep despair; he loves the Countess
         Teresa, but suspects that he will always be a philanderer, incapable of giving lasting
         happiness. She flees with him to Pisa, but their joy is short-lived. Byron meets an English
         adventurer named Trelawney, who chides the poet for his outspoken support of revolution in
         Greece which has amounted only to talk. Trelawney's words profoundly affect Byron. Two
         tragedies - first his child Allegra dies in the convent, then Percy Shelley drowns -
         convince him that anyone he comes close to is destined for ruin. He abandons Teresa and
         heads for Greece. George Gordon (Lord) Byron, 6th baron of Roschdale, was born January 27,
         1788, to a Scottish mother and an English army captain, who died when Byron was three.
         Byron was lame all his life with a club foot; his sensitivity to this is thought to have
         affected the development of his personality. As a writer his reputation is of a romanticist
         and a political liberal. He travelled extensively, and a sojourn in Greece (1810-1811) has
         a lasting influence on his work and his behavior. Among Byron's best known poetry is "Don
         Juan," Isles of Greece," and the autobiographical "Childe Harold." He is also renowned as a
         clever satirist; and his letters to friends and associates are considered among the most
         entertaining and witty private letters published in the English language. Partial cast:
         Byron Keith Barron Count Guiccoli Raf de la Torre Trelawney Anthony Ainley Credits "NET
         Playhouse Biography: Byron" is a presentation of the national programming division of
         WNET/13. The film "Byron" produced by the British Broadcasting Corporation. Producer: Mark
         Shivas Director: John Glenister Written by: Ian Thorne NET Playhouse executive producer:
         Jac Venza Transmitted nationally by PBS, the Public Broadcasting Service.</marc:subfield>
      </marc:datafield>
      <marc:datafield tag="337" ind1=" " ind2=" ">
         <marc:subfield code="a">Moving Image</marc:subfield>
         <marc:subfield code="2">MAVIS media type controlled vocabulary</marc:subfield>
      </marc:datafield>
      <marc:datafield tag="024" ind1="8" ind2=" ">
         <marc:subfield code="a">2330466</marc:subfield>
         <marc:subfield code="2">MAVIS Title Number</marc:subfield>
      </marc:datafield>
      <marc:datafield tag="024" ind1="8" ind2=" ">
         <marc:subfield code="a">NPBI</marc:subfield>
         <marc:subfield code="2">NET/PBS NOLA</marc:subfield>
      </marc:datafield>
      <marc:datafield tag="024" ind1="8" ind2=" ">
         <marc:subfield code="a">109 (PBS-1994.xls Excel spreadsheet)</marc:subfield>
         <marc:subfield code="2">NET/PBS number</marc:subfield>
      </marc:datafield>
      <marc:datafield tag="024" ind1="8" ind2=" ">
         <marc:subfield code="a">9 (NET microfiche)</marc:subfield>
         <marc:subfield code="2">NET/PBS number</marc:subfield>
      </marc:datafield>
      <marc:datafield tag="546" ind1=" " ind2=" ">
         <marc:subfield code="a">English</marc:subfield>
      </marc:datafield>
      <marc:datafield tag="653" ind1=" " ind2=" ">
         <marc:subfield code="a">Poets, English--19th
         century--Biography</marc:subfield>
         <marc:subfield code="0">http://id.loc.gov/authorities/subjects/sh2008108948</marc:subfield>
      </marc:datafield>
      <marc:datafield tag="653" ind1=" " ind2=" ">
         <marc:subfield code="a">Byron, George Gordon Byron, Baron,
         1788-1824</marc:subfield>
         <marc:subfield code="0">http://id.loc.gov/authorities/names/n81026857</marc:subfield>
      </marc:datafield>
      <marc:datafield tag="245" ind1="0" ind2="0">
         <marc:subfield code="a">NET playhouse biography. Lord Byron.</marc:subfield>
         <marc:subfield code="b">British Broadcasting Corporation ;
         presentation of the national programming division of WNET/13 ; producer, Mark Shivas ;
         director, John Glenister ; writer, Ian Thorne ; writer, Ian Thorne ; NET playhouse
         executive producer, Jac Venza.</marc:subfield>
      </marc:datafield>
      <marc:datafield tag="246" ind1="3" ind2="3">
         <marc:subfield code="a">Lord Byron.</marc:subfield>
      </marc:datafield>
      <marc:datafield tag="246" ind1="3" ind2="3">
         <marc:subfield code="a">Byron.</marc:subfield>
      </marc:datafield>
      <marc:datafield tag="246" ind1="3" ind2="3">
         <marc:subfield code="a">NET biography. No. 9. Lord
         Byron.</marc:subfield>
      </marc:datafield>
      <marc:datafield tag="246" ind1="3" ind2="3">
         <marc:subfield code="a">NET playhouse biography. [No. 9], Lord
         Byron.</marc:subfield>
      </marc:datafield>
      <marc:datafield tag="655" ind1=" " ind2="0">
         <marc:subfield code="a">Biographical television programs
         (lcgft)</marc:subfield>
         <marc:subfield code="0">http://id.loc.gov/authorities/genreForms/gf2011026091</marc:subfield>
      </marc:datafield>
      <marc:datafield tag="655" ind1=" " ind2="0">
         <marc:subfield code="a">Fiction television programs
         (lcgft)</marc:subfield>
         <marc:subfield code="0">http://id.loc.gov/authorities/genreForms/gf2011026252\n</marc:subfield>
      </marc:datafield>
      <marc:datafield tag="655" ind1=" " ind2="0">
         <marc:subfield code="a">Historical television programs
         (lcgft)</marc:subfield>
         <marc:subfield code="0">http://id.loc.gov/authorities/genreForms/gf2011026315</marc:subfield>
      </marc:datafield>
   </marc:record>