
   <marc:record>
      <marc:leader>      am         3u     </marc:leader>
      <marc:datafield tag="042" ind1=" " ind2=" ">
         <marc:subfield code="a">dc</marc:subfield>
      </marc:datafield>
      <marc:datafield tag="720" ind1=" " ind2=" ">
         <marc:subfield code="a">Gruault, Jean</marc:subfield>
         <marc:subfield code="e">Adapter/Dramatization</marc:subfield>
         <marc:subfield code="0">http://id.loc.gov/authorities/names/n80164393</marc:subfield>
      </marc:datafield>
      <marc:datafield tag="720" ind1=" " ind2=" ">
         <marc:subfield code="a">Public
         Broadcasting Service</marc:subfield>
         <marc:subfield code="e">Broadcaster</marc:subfield>
         <marc:subfield code="0">http://id.loc.gov/authorities/names/n86134532</marc:subfield>
      </marc:datafield>
      <marc:datafield tag="720" ind1=" " ind2=" ">
         <marc:subfield code="a">Fabre,
         Fernand</marc:subfield>
         <marc:subfield code="e">Cast/Actor</marc:subfield>
         <marc:subfield code="0">http://id.loc.gov/authorities/names/no2009027070</marc:subfield>
      </marc:datafield>
      <marc:datafield tag="720" ind1=" " ind2=" ">
         <marc:subfield code="a">WNET
         (Television station : New York, N.Y.)</marc:subfield>
         <marc:subfield code="e">Presenter</marc:subfield>
         <marc:subfield code="0">http://id.loc.gov/authorities/names/n80014556</marc:subfield>
      </marc:datafield>
      <marc:datafield tag="720" ind1=" " ind2=" ">
         <marc:subfield code="a">Patte,
         Jean-Marie</marc:subfield>
         <marc:subfield code="e">Cast/Actor</marc:subfield>
         <marc:subfield code="0">http://id.loc.gov/authorities/names/no00035401</marc:subfield>
      </marc:datafield>
      <marc:datafield tag="720" ind1=" " ind2=" ">
         <marc:subfield code="a">Jourdan, Raymond</marc:subfield>
         <marc:subfield code="e">Cast/Actor</marc:subfield>
         <marc:subfield code="0">http://id.loc.gov/authorities/names/no00035403</marc:subfield>
      </marc:datafield>
      <marc:datafield tag="720" ind1=" " ind2=" ">
         <marc:subfield code="a">Silvagni</marc:subfield>
         <marc:subfield code="e">Cast/Actor</marc:subfield>
         <marc:subfield code="0">http://id.loc.gov/authorities/names/no2009027026</marc:subfield>
      </marc:datafield>
      <marc:datafield tag="720" ind1=" " ind2=" ">
         <marc:subfield code="a">Rossellini,
         Roberto</marc:subfield>
         <marc:subfield code="e">Director</marc:subfield>
         <marc:subfield code="0">http://id.loc.gov/authorities/names/n80160075</marc:subfield>
      </marc:datafield>
      <marc:datafield tag="720" ind1=" " ind2=" ">
         <marc:subfield code="a">Office de radiodiffusion-tlvision franaise</marc:subfield>
         <marc:subfield code="e">Production Company</marc:subfield>
         <marc:subfield code="0">http://id.loc.gov/authorities/names/n80113946</marc:subfield>
      </marc:datafield>
      <marc:datafield tag="720" ind1=" " ind2=" ">
         <marc:subfield code="a">Venza, Jac</marc:subfield>
         <marc:subfield code="e">Executive Producer</marc:subfield>
         <marc:subfield code="0">http://id.loc.gov/authorities/names/no93017967</marc:subfield>
      </marc:datafield>
      <marc:datafield tag="720" ind1=" " ind2=" ">
         <marc:subfield code="a">Erlanger, Phillippe</marc:subfield>
         <marc:subfield code="e">Scriptwriter</marc:subfield>
      </marc:datafield>
      <marc:datafield tag="260" ind1=" " ind2=" ">
         <marc:subfield code="c">1972-4-20</marc:subfield>
      </marc:datafield>
      <marc:datafield tag="260" ind1=" " ind2=" ">
         <marc:subfield code="c">1966-10-8</marc:subfield>
      </marc:datafield>
      <marc:datafield tag="520" ind1=" " ind2=" ">
         <marc:subfield code="a">From NET microfiche, file L: Italian director Roberto Rossellini's "The Rise
         and fall of Louis XIV" makes its American television debut in this series. With Jean-Marie
         Patte in the title role, heading a French cast, the film depicts the years of Louis' reign
         immediately following the death of Cardinal Mazarin, during which the young king
         established a monarchy of enormous power and dazzling opulence out of the chaos he
         inherited. Louis xiV (1638-1715), known as the Sun King and le Grande Monarque, acceded to
         the throne at the age of five, under the regency of his mother. At the time most of the
         power was in the hands of Cardinal Mazarin, who shrewdly guided the country's foreign
         affairs and mustered what little royal authority there was to resist the internal
         rebellions of the Fronde. When Mazarin died in 1661, Louis was 23 but had negligible
         experience in the affairs of state. Nevertheless, his reign was to last 73 years - the
         longest in European history - and France was to reach its zenith while Louis' court became
         the most magnificent in Europe. Rossellini's film gives careful attention to details of
         history, costuming, and court protocol. It begins with Mazarin's last days and the final
         counsel he gives to Louis form his death bed. Among other things, the king is told to trust
         in the loyalty and abilities of a young aide named Colbert, who later became financial
         minister and a key figure in Louis' reign. The film stresses the importance that Louis
         attaches to Mazarin's impending death. The king realizes that his power will be divided
         among countless noblemen, aides and other conspirators unless he acts swiftly. Scarcely a
         few hours after Mazarin dies Louis assembles his ministers of state and orders them to take
         no official action without his approval - he personally will oversee all affairs of
         government. At first the ministers are skeptical of Louis' resoluteness. But the king takes
         Colbert into his confidence and before long Colbert's enemy, finance minister Nicolas
         Fouquet, is exposed as an embezzler of royal funds. The skepticism disappears, and Louis
         rules with an iron hand. The film then recreates the king's pursuit of international power
         and self-aggrandizement. Abroad, Louis' armies are victorious, while at home he begins
         construction of the magnificent palace of Versailles, encourages the arts to flourish
         within his court, and establishes among his courtiers the most frivolous standards of
         etiquette and dress - all to enhance his glory as the king of France. Cast of principal
         characters: Louis - Jean-Martin Patte Colbert - Raymond Jourdan Mazarin - Silvagni Le
         Tellier - Fernand Fabre Credits: Produced by L'Office de Radiodiffussion-Television
         Francaise Directed by Roberto Rossellini Script by: Philippe Erlanger Adaptation and
         dialogue by: Jean Gruault "The Rise of Louis XIV" is a presentation of the national
         programming division of WNET/13. NET Playhouse executive producer: Jac
         Venza</marc:subfield>
      </marc:datafield>
      <marc:datafield tag="337" ind1=" " ind2=" ">
         <marc:subfield code="a">Moving Image</marc:subfield>
         <marc:subfield code="2">MAVIS media type controlled vocabulary</marc:subfield>
      </marc:datafield>
      <marc:datafield tag="024" ind1="8" ind2=" ">
         <marc:subfield code="a">2471703</marc:subfield>
         <marc:subfield code="2">MAVIS Title Number</marc:subfield>
      </marc:datafield>
      <marc:datafield tag="024" ind1="8" ind2=" ">
         <marc:subfield code="a">NPBI</marc:subfield>
         <marc:subfield code="2">NET/PBS NOLA</marc:subfield>
      </marc:datafield>
      <marc:datafield tag="024" ind1="8" ind2=" ">
         <marc:subfield code="a">14 (PBS-1994.xls Excel spreadsheet,
         Biography)</marc:subfield>
         <marc:subfield code="2">NET/PBS number</marc:subfield>
      </marc:datafield>
      <marc:datafield tag="024" ind1="8" ind2=" ">
         <marc:subfield code="a">277 (NET microfiche, NET playhouse)</marc:subfield>
         <marc:subfield code="2">NET/PBS number</marc:subfield>
      </marc:datafield>
      <marc:datafield tag="546" ind1=" " ind2=" ">
         <marc:subfield code="a">English</marc:subfield>
      </marc:datafield>
      <marc:datafield tag="653" ind1=" " ind2=" ">
         <marc:subfield code="a">France--Kings and
         rulers--Biography</marc:subfield>
         <marc:subfield code="0">http://id.loc.gov/authorities/subjects/sh2008103622</marc:subfield>
      </marc:datafield>
      <marc:datafield tag="653" ind1=" " ind2=" ">
         <marc:subfield code="a"/>
      </marc:datafield>
      <marc:datafield tag="245" ind1="0" ind2="0">
         <marc:subfield code="a">NET playhouse biography. Louis XIV.</marc:subfield>
         <marc:subfield code="b">L'Office de Radiodiffusion-Television
         Francaise ; presentation of the national programming division of WNET/13 ; director,
         Roberto Rossellini ; script by Philippe Erlange ; adaptation and dialogue by Jean Gruault ;
         NET playhouse executive producer, Jac Venza.</marc:subfield>
      </marc:datafield>
      <marc:datafield tag="246" ind1="3" ind2="3">
         <marc:subfield code="a">Louis XIV.</marc:subfield>
      </marc:datafield>
      <marc:datafield tag="246" ind1="3" ind2="3">
         <marc:subfield code="a">NET playhouse.
         [277], NET playhouse biography. [No. 14], Louis XIV.</marc:subfield>
      </marc:datafield>
      <marc:datafield tag="246" ind1="3" ind2="3">
         <marc:subfield code="a">NET biography. The rise of Louis
         XIV.</marc:subfield>
      </marc:datafield>
      <marc:datafield tag="246" ind1="3" ind2="3">
         <marc:subfield code="a">The rise of Louis XIV.</marc:subfield>
      </marc:datafield>
      <marc:datafield tag="246" ind1="3" ind2="3">
         <marc:subfield code="a">NET playhouse biography. [No. 14],Louis
         XIV.</marc:subfield>
      </marc:datafield>
      <marc:datafield tag="655" ind1=" " ind2="0">
         <marc:subfield code="a">Biographical television programs
         (lcgft)</marc:subfield>
         <marc:subfield code="0">http://id.loc.gov/authorities/genreForms/gf2011026091</marc:subfield>
      </marc:datafield>
      <marc:datafield tag="655" ind1=" " ind2="0">
         <marc:subfield code="a">Fiction television programs
         (lcgft)</marc:subfield>
         <marc:subfield code="0">http://id.loc.gov/authorities/genreForms/gf2011026252\n</marc:subfield>
      </marc:datafield>
      <marc:datafield tag="655" ind1=" " ind2="0">
         <marc:subfield code="a">Historical television programs
         (lcgft)</marc:subfield>
         <marc:subfield code="0">http://id.loc.gov/authorities/genreForms/gf2011026315</marc:subfield>
      </marc:datafield>
   </marc:record>