
   <marc:record>
      <marc:leader>      am         3u     </marc:leader>
      <marc:datafield tag="042" ind1=" " ind2=" ">
         <marc:subfield code="a">dc</marc:subfield>
      </marc:datafield>
      <marc:datafield tag="720" ind1=" " ind2=" ">
         <marc:subfield code="a">Educational Broadcasting Corporation. NET Division</marc:subfield>
         <marc:subfield code="e">Broadcaster</marc:subfield>
         <marc:subfield code="0">http://id.loc.gov/authorities/names/n81076889</marc:subfield>
      </marc:datafield>
      <marc:datafield tag="720" ind1=" " ind2=" ">
         <marc:subfield code="a">Jayston, Michael</marc:subfield>
         <marc:subfield code="e">Cast/Actor</marc:subfield>
         <marc:subfield code="0">http://id.loc.gov/authorities/names/n82225086</marc:subfield>
      </marc:datafield>
      <marc:datafield tag="720" ind1=" " ind2=" ">
         <marc:subfield code="a">Gold,
         Jack</marc:subfield>
         <marc:subfield code="e">Director</marc:subfield>
         <marc:subfield code="0">http://id.loc.gov/authorities/names/no90002436</marc:subfield>
      </marc:datafield>
      <marc:datafield tag="720" ind1=" " ind2=" ">
         <marc:subfield code="a">British Broadcasting Corporation</marc:subfield>
         <marc:subfield code="e">Production Company</marc:subfield>
         <marc:subfield code="0">http://id.loc.gov/authorities/names/n79074359</marc:subfield>
      </marc:datafield>
      <marc:datafield tag="720" ind1=" " ind2=" ">
         <marc:subfield code="a">Venza, Jac</marc:subfield>
         <marc:subfield code="e">Executive Producer</marc:subfield>
         <marc:subfield code="0">http://id.loc.gov/authorities/names/no93017967</marc:subfield>
      </marc:datafield>
      <marc:datafield tag="720" ind1=" " ind2=" ">
         <marc:subfield code="a">Clarke, Tom,
         1918-1993</marc:subfield>
         <marc:subfield code="e">Writer</marc:subfield>
         <marc:subfield code="0">http://id.loc.gov/authorities/names/n2014079516</marc:subfield>
      </marc:datafield>
      <marc:datafield tag="720" ind1=" " ind2=" ">
         <marc:subfield code="a">McDonald,
         Graeme</marc:subfield>
         <marc:subfield code="e">Producer</marc:subfield>
         <marc:subfield code="0">http://id.loc.gov/authorities/names/no2012001597</marc:subfield>
      </marc:datafield>
      <marc:datafield tag="260" ind1=" " ind2=" ">
         <marc:subfield code="c">1971-4-15</marc:subfield>
      </marc:datafield>
      <marc:datafield tag="520" ind1=" " ind2=" ">
         <marc:subfield code="a">From NET microfiche: NET Playhouse begins a 15-week series of biographical
         dramas with this film portrait of anti-war poet Siegfried Sassoon (1886-1967). Under a
         different title ("Mad Jack"), the program won the Grand Prize at this year's International
         Television Festival at Monte Carlo for its contribution to the ideal of international
         peace. The film, produced by the BBC and nationally transmitted by the Public Broadcasting
         Service, explores the thoughts of a young soldier in the First World War whose protest
         against that conflict met with virtually total public disapproval and misunderstanding. As
         a second lieutenant in the Royal Welsh Fusiliers, Sassoon had seen action on the western
         front and was awarded the Military Cross by the time he returned to England on leave in
         1917. While on leave he defied military authorities by writing a statement against the
         vested interests he considered responsible for the war. It was published in a periodical,
         and that was the beginning of a torturous episode in Sassoon's life. Sassoon was summoned
         by authorities, who requested that he spend a week re-thinking his protest and its
         consequences for him. There was no mass peace movement to which he could attach himself, no
         element of public opinion to provide support. He was alone with his opinions; he would be
         thought insane, and ostracized. Finally a friend dissuaded him from standing aloud in
         Parliament, but dismissed due to Sassoon's hospitalization in a clinic for shell-shocked
         officers. Some of Sassoon's poetry is used in the program to dramatize the crucial week of
         self-examination which ended in his decision not to sacrifice himself further in an
         ineffectual gesture. British author and journalist Tom Clarke wrote the screenplay for
         "Sassoon." Starring as Sassoon is Michael Jayston, a veteran member of the Royal
         Shakespeare Company, currently seen in the film "Cromwell." The Cast: Sassoon - Michael
         Jayston Cromlech - Michal Pennington Adjutant - Clive Swift Ormand - David Wood Bertrand
         Russell - Charles Lewson Lady Ottoline - Anna Barry Hugh Massingham - John Boxer Lytton
         Strachey - Jonathan Cecil Barton - Roger Ostime Wilmot - Donald Sumpter Mansfield - Barry
         Savage Col. Jones-Williams - James Cossins Music hall artist - Ann Beach "NET Playhouse
         Biography: Siegfried Sassoon" is a presentation of NET Division, Educational Broadcasting
         Corporation. Producer: Graeme McDonald. Director: Jack Gold. Music by Carol Davis. NET
         playhouse executive producer: Jac Venza. FILLER INFORMATION: Title: The Days of Wilfred
         Owen In this color film selections from the works of English poet Wilfred Owen are read by
         Richard Burton and illustrated with watercolors by Robert Andrew Parker. The poems relate
         the heartbreaks of war as Owen witnessed and experienced them. The poet was killed in
         France during World War I, just one week before the Armistice was signed. He was 25. Owen
         gained posthumous recognition after his poem were edited and published in 1920 by Siegfried
         Sassoon, whom he met in an army hospital. Parker has been termed "one of three or four
         great artists in America" by the renowned critic Dwight MacDonald. Whitney Museum, both in
         New York City, and in the Museum of Fine Art in Raleigh, North Carolina. This film was
         produced by Bob Bach and Richard Lewine.</marc:subfield>
      </marc:datafield>
      <marc:datafield tag="337" ind1=" " ind2=" ">
         <marc:subfield code="a">Moving Image</marc:subfield>
         <marc:subfield code="2">MAVIS media type controlled vocabulary</marc:subfield>
      </marc:datafield>
      <marc:datafield tag="024" ind1="8" ind2=" ">
         <marc:subfield code="a">2431961</marc:subfield>
         <marc:subfield code="2">MAVIS Title Number</marc:subfield>
      </marc:datafield>
      <marc:datafield tag="024" ind1="8" ind2=" ">
         <marc:subfield code="a">NPBS</marc:subfield>
         <marc:subfield code="2">NET/PBS NOLA</marc:subfield>
      </marc:datafield>
      <marc:datafield tag="024" ind1="8" ind2=" ">
         <marc:subfield code="a">235</marc:subfield>
         <marc:subfield code="2">NET/PBS number</marc:subfield>
      </marc:datafield>
      <marc:datafield tag="546" ind1=" " ind2=" ">
         <marc:subfield code="a">English</marc:subfield>
      </marc:datafield>
      <marc:datafield tag="653" ind1=" " ind2=" ">
         <marc:subfield code="a">Sassoon, Siegfried</marc:subfield>
         <marc:subfield code="0">http://id.loc.gov/authorities/names/n80056884</marc:subfield>
      </marc:datafield>
      <marc:datafield tag="245" ind1="0" ind2="0">
         <marc:subfield code="a">NET playhouse biography. Siegfried
         Sassoon.</marc:subfield>
         <marc:subfield code="b">BBC ; producer, Graeme McDonald ; director,
         Jack Gold ; writer, Tom Clarke.</marc:subfield>
      </marc:datafield>
      <marc:datafield tag="246" ind1="3" ind2="3">
         <marc:subfield code="a">Siegfried Sassoon.</marc:subfield>
      </marc:datafield>
      <marc:datafield tag="246" ind1="3" ind2="3">
         <marc:subfield code="a">NET playhouse. [No. 235], Siegfried
         Sassoon.</marc:subfield>
      </marc:datafield>
      <marc:datafield tag="246" ind1="3" ind2="3">
         <marc:subfield code="a">NET playhouse.
         [No. 235], NET playhouse biography: Siegfried Sassoon.</marc:subfield>
      </marc:datafield>
      <marc:datafield tag="246" ind1="3" ind2="3">
         <marc:subfield code="a">Siegfried Sasson. (Also known as mad
         Jack).</marc:subfield>
      </marc:datafield>
      <marc:datafield tag="655" ind1=" " ind2="0">
         <marc:subfield code="a">Fiction television programs
         (lcgft)</marc:subfield>
         <marc:subfield code="0">http://id.loc.gov/authorities/genreForms/gf2011026252\n</marc:subfield>
      </marc:datafield>
      <marc:datafield tag="655" ind1=" " ind2="0">
         <marc:subfield code="a">Televised plays (lcgft)</marc:subfield>
         <marc:subfield code="0">http://id.loc.gov/authorities/genreForms/gf2011026647</marc:subfield>
      </marc:datafield>
   </marc:record>