
   <marc:record>
      <marc:leader>      am         3u     </marc:leader>
      <marc:datafield tag="042" ind1=" " ind2=" ">
         <marc:subfield code="a">dc</marc:subfield>
      </marc:datafield>
      <marc:datafield tag="720" ind1=" " ind2=" ">
         <marc:subfield code="a">Davies,
         Rupert</marc:subfield>
         <marc:subfield code="e">Cast/Actor</marc:subfield>
         <marc:subfield code="0">http://id.loc.gov/authorities/names/nb2005017637</marc:subfield>
      </marc:datafield>
      <marc:datafield tag="720" ind1=" " ind2=" ">
         <marc:subfield code="a">Educational Broadcasting Corporation. NET Division</marc:subfield>
         <marc:subfield code="e">Presenter</marc:subfield>
         <marc:subfield code="0">http://id.loc.gov/authorities/names/n81076889</marc:subfield>
      </marc:datafield>
      <marc:datafield tag="720" ind1=" " ind2=" ">
         <marc:subfield code="a">Gavin,
         Bill</marc:subfield>
         <marc:subfield code="e">Cast/Actor</marc:subfield>
         <marc:subfield code="0">http://id.loc.gov/authorities/names/n97048259</marc:subfield>
      </marc:datafield>
      <marc:datafield tag="720" ind1=" " ind2=" ">
         <marc:subfield code="a">British Broadcasting Corporation</marc:subfield>
         <marc:subfield code="e">Production Company</marc:subfield>
         <marc:subfield code="0">http://id.loc.gov/authorities/names/n79074359</marc:subfield>
      </marc:datafield>
      <marc:datafield tag="720" ind1=" " ind2=" ">
         <marc:subfield code="a">Venza, Jac</marc:subfield>
         <marc:subfield code="e">Executive Producer</marc:subfield>
         <marc:subfield code="0">http://id.loc.gov/authorities/names/no93017967</marc:subfield>
      </marc:datafield>
      <marc:datafield tag="720" ind1=" " ind2=" ">
         <marc:subfield code="a">Shivas,
         Mark</marc:subfield>
         <marc:subfield code="e">Producer</marc:subfield>
         <marc:subfield code="0">http://id.loc.gov/authorities/names/n85151988</marc:subfield>
      </marc:datafield>
      <marc:datafield tag="720" ind1=" " ind2=" ">
         <marc:subfield code="a">Glenister,
         John</marc:subfield>
         <marc:subfield code="e">Director</marc:subfield>
         <marc:subfield code="0">http://id.loc.gov/authorities/names/nr92004633</marc:subfield>
      </marc:datafield>
      <marc:datafield tag="720" ind1=" " ind2=" ">
         <marc:subfield code="a">Curteis,
         Ian</marc:subfield>
         <marc:subfield code="e">Writer</marc:subfield>
         <marc:subfield code="0">http://id.loc.gov/authorities/names/nb2011000659</marc:subfield>
      </marc:datafield>
      <marc:datafield tag="260" ind1=" " ind2=" ">
         <marc:subfield code="c">1972-2-24</marc:subfield>
      </marc:datafield>
      <marc:datafield tag="520" ind1=" " ind2=" ">
         <marc:subfield code="a">From NET microfiche, file S: Scottish actor Bill Gavin portrays the Nobel
         Prize-winning bacteriologist Sir Alexander Fleming, who discovered penicillin but was
         frustrated in his attempts to refine the drug into a practical medicine. Fleming
         (1881-1955), a shy and unobtrusive person, to some extent made his discovery by accident
         while working as a bacteriologist at St. Mary's Medical School at the University of London
         in 1928. It wasn't until 1945, after a group of bio-chemists at Oxford had managed to
         refine penicillin, that Fleming was named a co-winner of the Nobel Prize for medicine. He
         had been knighted the previous year. At the time of his momentous discovery, Fleming was
         already respected in his field and was working under Sir Almroth Wright, who pioneered with
         vaccines. Fleming was interested in anti-bacterial substances that would not be injurious
         to animal tissue. While conducting research with bacterial culture plates, he discovered
         one day that a mold had accidentally formed on one of the plates containing staphylococcus,
         and that the staphylococcus surrounding this mold had apparently been destroyed. Further
         experiments with the mold, which he named penicillin, showed that it was highly potent in
         preventing the growth of bacteria. Unfortunately, Fleming was not to have Sir Almroth's
         cooperation in developing penicillin for practical use. Brilliant but somewhat rigid in his
         methods and philosophy towards science, Wright tended to dismiss Fleming's discovery as
         "mere accident" and failed to acknowledge its potential. Fleming's own personality
         prevented him from openly campaigning against his superior, and for years he was unable to
         make any significant advance in refining penicillin. What small recognition he gained for
         his work was achieved for him largely by his wife, Sareen. Partial cast: Fleming - Bill
         Gavin Sir Almroth Wright - Rupert Davies Sareen Fleming - Nancie Jackson John Freeman -
         Richard Warner Nicholson - David Cuilter Hedley - Larry Dann Mrs. Watson - Mary Holder "Sir
         Alexander Fleming" is a presentation of NET Division, Educational Broadcasting Corporation,
         produced by the British Broadcasting Corporation. Producer: Mark Shivas. Director: John
         Glenister. Written by Ian Curteis. NET Playhouse executive producer: Jac Venza. Acquisition
         of this program was made possible in part by grants from the national Endowment for the
         Humanities and the Andrew W. Mellon Foundation.</marc:subfield>
      </marc:datafield>
      <marc:datafield tag="337" ind1=" " ind2=" ">
         <marc:subfield code="a">Moving Image</marc:subfield>
         <marc:subfield code="2">MAVIS media type controlled vocabulary</marc:subfield>
      </marc:datafield>
      <marc:datafield tag="024" ind1="8" ind2=" ">
         <marc:subfield code="a">2424410</marc:subfield>
         <marc:subfield code="2">MAVIS Title Number</marc:subfield>
      </marc:datafield>
      <marc:datafield tag="024" ind1="8" ind2=" ">
         <marc:subfield code="a">NPBF</marc:subfield>
         <marc:subfield code="2">NET/PBS NOLA</marc:subfield>
      </marc:datafield>
      <marc:datafield tag="024" ind1="8" ind2=" ">
         <marc:subfield code="a">0</marc:subfield>
         <marc:subfield code="2">NET/PBS number</marc:subfield>
      </marc:datafield>
      <marc:datafield tag="546" ind1=" " ind2=" ">
         <marc:subfield code="a">English</marc:subfield>
      </marc:datafield>
      <marc:datafield tag="653" ind1=" " ind2=" ">
         <marc:subfield code="a">Bacteriologists</marc:subfield>
         <marc:subfield code="0">http://id.loc.gov/authorities/subjects/sh85010863</marc:subfield>
      </marc:datafield>
      <marc:datafield tag="653" ind1=" " ind2=" ">
         <marc:subfield code="a">Penicillin</marc:subfield>
         <marc:subfield code="0">http://id.loc.gov/authorities/subjects/sh85099402</marc:subfield>
      </marc:datafield>
      <marc:datafield tag="653" ind1=" " ind2=" ">
         <marc:subfield code="a">Fleming, Alexander, Sir,
         1881-1955</marc:subfield>
         <marc:subfield code="0">http://id.loc.gov/authorities/names/n83228021</marc:subfield>
      </marc:datafield>
      <marc:datafield tag="245" ind1="0" ind2="0">
         <marc:subfield code="a">NET playhouse biography. Sir Alexander
         Fleming.</marc:subfield>
         <marc:subfield code="b">British Broadcasting Corporation ;
         presentation of NET Division, Educational Broadcasting Corporation ; producer, Mark Shivas
         ; director, John Glenister ; writer, Ian Curteis ; NET executive producer, Jac
         Venza.</marc:subfield>
      </marc:datafield>
      <marc:datafield tag="246" ind1="3" ind2="3">
         <marc:subfield code="a">Sir Alexander Fleming.</marc:subfield>
      </marc:datafield>
      <marc:datafield tag="246" ind1="3" ind2="3">
         <marc:subfield code="a">NET playhouse. NET
         playhouse biography. Sir Alexander Fleming.</marc:subfield>
      </marc:datafield>
      <marc:datafield tag="246" ind1="3" ind2="3">
         <marc:subfield code="a">NET playhouse
         #268--NET playhouse biography : Sir Alexander Fleming.</marc:subfield>
      </marc:datafield>
      <marc:datafield tag="246" ind1="3" ind2="3">
         <marc:subfield code="a">NET playhouse biography. [No. 268], Sir Alexander
         Fleming.</marc:subfield>
      </marc:datafield>
      <marc:datafield tag="246" ind1="3" ind2="3">
         <marc:subfield code="a">NET playhouse. [No. 268], Sir Alexander
         Fleming.</marc:subfield>
      </marc:datafield>
      <marc:datafield tag="655" ind1=" " ind2="0">
         <marc:subfield code="a">Biographical television programs
         (lcgft)</marc:subfield>
         <marc:subfield code="0">http://id.loc.gov/authorities/genreForms/gf2011026091</marc:subfield>
      </marc:datafield>
      <marc:datafield tag="655" ind1=" " ind2="0">
         <marc:subfield code="a">Nonfiction television programs
         (lcgft)</marc:subfield>
         <marc:subfield code="0">http://id.loc.gov/authorities/genreForms/gf2011026425</marc:subfield>
      </marc:datafield>
   </marc:record>