
   <marc:record>
      <marc:leader>      am         3u     </marc:leader>
      <marc:datafield tag="042" ind1=" " ind2=" ">
         <marc:subfield code="a">dc</marc:subfield>
      </marc:datafield>
      <marc:datafield tag="720" ind1=" " ind2=" ">
         <marc:subfield code="a">Moore,
         Stephen, 1937-</marc:subfield>
         <marc:subfield code="e">Cast/Actor</marc:subfield>
         <marc:subfield code="0">http://id.loc.gov/authorities/names/no98100640</marc:subfield>
      </marc:datafield>
      <marc:datafield tag="720" ind1=" " ind2=" ">
         <marc:subfield code="a">National Educational Television and Radio Center</marc:subfield>
         <marc:subfield code="e">Broadcaster</marc:subfield>
         <marc:subfield code="0">http://id.loc.gov/authorities/names/n80050382</marc:subfield>
      </marc:datafield>
      <marc:datafield tag="720" ind1=" " ind2=" ">
         <marc:subfield code="a">Allen,
         Sheila, 1932-</marc:subfield>
         <marc:subfield code="e">Cast/Actor</marc:subfield>
         <marc:subfield code="0">http://id.loc.gov/authorities/names/n84002002</marc:subfield>
      </marc:datafield>
      <marc:datafield tag="720" ind1=" " ind2=" ">
         <marc:subfield code="a">Fraser,
         Antonia</marc:subfield>
         <marc:subfield code="e">Appearing</marc:subfield>
         <marc:subfield code="0">http://id.loc.gov/authorities/names/n79072964</marc:subfield>
      </marc:datafield>
      <marc:datafield tag="720" ind1=" " ind2=" ">
         <marc:subfield code="a">Educational Broadcasting Corporation. NET Division</marc:subfield>
         <marc:subfield code="e">Presenter</marc:subfield>
         <marc:subfield code="0">http://id.loc.gov/authorities/names/n81076889</marc:subfield>
      </marc:datafield>
      <marc:datafield tag="720" ind1=" " ind2=" ">
         <marc:subfield code="a">Schofield, Katherine</marc:subfield>
         <marc:subfield code="e">Cast/Actor</marc:subfield>
         <marc:subfield code="0">http://id.loc.gov/authorities/names/no98069560</marc:subfield>
      </marc:datafield>
      <marc:datafield tag="720" ind1=" " ind2=" ">
         <marc:subfield code="a">Garrie, John</marc:subfield>
         <marc:subfield code="e">Cast/Actor</marc:subfield>
      </marc:datafield>
      <marc:datafield tag="720" ind1=" " ind2=" ">
         <marc:subfield code="a">British Broadcasting Corporation</marc:subfield>
         <marc:subfield code="e">Production Company</marc:subfield>
         <marc:subfield code="0">http://id.loc.gov/authorities/names/n79074359</marc:subfield>
      </marc:datafield>
      <marc:datafield tag="720" ind1=" " ind2=" ">
         <marc:subfield code="a">Venza, Jac</marc:subfield>
         <marc:subfield code="e">Executive Producer</marc:subfield>
         <marc:subfield code="0">http://id.loc.gov/authorities/names/no93017967</marc:subfield>
      </marc:datafield>
      <marc:datafield tag="720" ind1=" " ind2=" ">
         <marc:subfield code="a">Taylor, Don,
         1936-2003</marc:subfield>
         <marc:subfield code="e">Director</marc:subfield>
         <marc:subfield code="0">http://id.loc.gov/authorities/names/nr91008533</marc:subfield>
      </marc:datafield>
      <marc:datafield tag="720" ind1=" " ind2=" ">
         <marc:subfield code="a">Taylor, Don,
         1936-2003</marc:subfield>
         <marc:subfield code="e">Writer</marc:subfield>
         <marc:subfield code="0">http://id.loc.gov/authorities/names/nr91008533</marc:subfield>
      </marc:datafield>
      <marc:datafield tag="260" ind1=" " ind2=" ">
         <marc:subfield code="c">1971-4-22</marc:subfield>
      </marc:datafield>
      <marc:datafield tag="520" ind1=" " ind2=" ">
         <marc:subfield code="a">General Description of Series: The "NET Playhouse Biography" series continues
         with the story of English novelist Marian (or Mary Ann) Evans, (1819-1880) who wrote under
         the pen name of George Eliot. The name is probably best known in America for the novels
         "Silas Marner" and "Adam Bede." This BBC film relates the story of an extraordinarily
         gifted woman who suffered through nearly 40 years of frustration and loneliness before
         achieving happiness in love and success as a writer. In her middle years she became one of
         the most famous writers of nineteenth-century England. Her works also include
         "Middlemarch," "The Mill on the Floss," "Romola," "Felix Holt the Radical,' and Daniel
         Deronda." As a homely girl with a very high intellect Marian Evans was a misfit in the
         petty bourgeois society into which she was born. Her relations with her family also were
         strained because she rejected religion. When her father died she left home and went to
         London and began writing articles for intellectual quarterlies. In London Marian achieved
         some modest success but her personal life remained one of misery. After an unhappy affair
         with a philandering publisher she became attracted to philosopher Herbert Spencer. But his
         egotism and total involvement with his own work precluded a genuine relationship here also.
         She was in her mid-thirties and had become co-editor of 'Westminster Review' when she met
         theater and literary critic George Henry Lewes. He was married but his wife had left him.
         Lewes and Miss Evans fell in love and, with Victorian divorce laws making marriage
         impossible, they defied convention and lived together openly. For this they were ostracized
         but apparently they did not care. It was Lewes who persuaded Marian to attempt fiction
         writing, in part because he was financially responsible for two families and needed the
         extra income badly. Published in Blackwood's magazine 918570 her first story, "The Sad
         Fortunes of the Rev. Amos Barton," won great success. Her second novel, "Adam Bede," became
         a best seller in Europe and America and made her and Lewes rich. Suggested Newspaper
         Listing: "NET Playhouse Biography: George Eliot" The story of how Marian Evans, under the
         pen name George Eliot, became one of England's best-known novelists after half a lifetime
         of despair and frustration. Starring Sheila Allen. Followed by filler : "Virginia Woolf:
         The Moment Whole" with Marian Seldes. Two programs on one tape.</marc:subfield>
      </marc:datafield>
      <marc:datafield tag="024" ind1="8" ind2=" ">
         <marc:subfield code="a">2405160</marc:subfield>
         <marc:subfield code="2">MAVIS Title Number</marc:subfield>
      </marc:datafield>
      <marc:datafield tag="024" ind1="8" ind2=" ">
         <marc:subfield code="a">NPBE</marc:subfield>
         <marc:subfield code="2">NET/PBS NOLA</marc:subfield>
      </marc:datafield>
      <marc:datafield tag="024" ind1="8" ind2=" ">
         <marc:subfield code="a">0</marc:subfield>
         <marc:subfield code="2">NET/PBS number</marc:subfield>
      </marc:datafield>
      <marc:datafield tag="024" ind1="8" ind2=" ">
         <marc:subfield code="a">236 (NET microfiche)</marc:subfield>
         <marc:subfield code="2">NET/PBS number</marc:subfield>
      </marc:datafield>
      <marc:datafield tag="653" ind1=" " ind2=" ">
         <marc:subfield code="a">Women authors</marc:subfield>
         <marc:subfield code="0">http://id.loc.gov/authorities/subjects/sh85147456</marc:subfield>
      </marc:datafield>
      <marc:datafield tag="653" ind1=" " ind2=" ">
         <marc:subfield code="a">Eliot, George</marc:subfield>
         <marc:subfield code="0">http://id.loc.gov/authorities/names/n79045512</marc:subfield>
      </marc:datafield>
      <marc:datafield tag="245" ind1="0" ind2="0">
         <marc:subfield code="a">NET playhouse biography. The
         confessions of Marian Evans--A portrait of George Eliot.</marc:subfield>
         <marc:subfield code="b">a presentation of of NET Division, Educational
         Broadcasting Corporation ; produced by the British Broadcasting Corporation ; director,
         writer, Don Taylor ; NET executive producer, Jac Venza.</marc:subfield>
      </marc:datafield>
      <marc:datafield tag="246" ind1="3" ind2="3">
         <marc:subfield code="a">The confessions of Marian Evans: A
         portrait of George Eliot.</marc:subfield>
      </marc:datafield>
      <marc:datafield tag="246" ind1="3" ind2="3">
         <marc:subfield code="a">A portrait of George
         Eliot.</marc:subfield>
      </marc:datafield>
      <marc:datafield tag="246" ind1="3" ind2="3">
         <marc:subfield code="a">NET playhouse
         biography. George Eliot.</marc:subfield>
      </marc:datafield>
      <marc:datafield tag="246" ind1="3" ind2="3">
         <marc:subfield code="a">George Eliot.</marc:subfield>
      </marc:datafield>
      <marc:datafield tag="246" ind1="3" ind2="3">
         <marc:subfield code="a">NET playhouse biography. [1971-04-22]. The
         confessions of Marian Evans--A portrait of George Eliot.</marc:subfield>
      </marc:datafield>
      <marc:datafield tag="246" ind1="3" ind2="3">
         <marc:subfield code="a">NET playhouse biography. [No. 236], The confessions
         of Marian Evans--A portrait of George Eliot.</marc:subfield>
      </marc:datafield>
      <marc:datafield tag="655" ind1=" " ind2="0">
         <marc:subfield code="a">Biographical television programs
         (lcgft)</marc:subfield>
         <marc:subfield code="0">http://id.loc.gov/authorities/genreForms/gf2011026091</marc:subfield>
      </marc:datafield>
      <marc:datafield tag="655" ind1=" " ind2="0">
         <marc:subfield code="a">Fiction television programs
         (lcgft)</marc:subfield>
         <marc:subfield code="0">http://id.loc.gov/authorities/genreForms/gf2011026252\n</marc:subfield>
      </marc:datafield>
   </marc:record>