
   <marc:record>
      <marc:leader>      am         3u     </marc:leader>
      <marc:datafield tag="042" ind1=" " ind2=" ">
         <marc:subfield code="a">dc</marc:subfield>
      </marc:datafield>
      <marc:datafield tag="720" ind1=" " ind2=" ">
         <marc:subfield code="a">National Educational Television and Radio Center</marc:subfield>
         <marc:subfield code="e">Broadcaster</marc:subfield>
         <marc:subfield code="0">http://id.loc.gov/authorities/names/n80050382</marc:subfield>
      </marc:datafield>
      <marc:datafield tag="720" ind1=" " ind2=" ">
         <marc:subfield code="a">Seldes,
         Marian</marc:subfield>
         <marc:subfield code="e">Cast/Actor</marc:subfield>
         <marc:subfield code="0">http://id.loc.gov/authorities/names/n81043481</marc:subfield>
      </marc:datafield>
      <marc:datafield tag="720" ind1=" " ind2=" ">
         <marc:subfield code="a">Hochberg,
         Victoria</marc:subfield>
         <marc:subfield code="e">Editor</marc:subfield>
         <marc:subfield code="0">http://id.loc.gov/authorities/names/no93020729</marc:subfield>
      </marc:datafield>
      <marc:datafield tag="720" ind1=" " ind2=" ">
         <marc:subfield code="a">Hochberg, Victoria</marc:subfield>
         <marc:subfield code="e">Associate Producer</marc:subfield>
         <marc:subfield code="0">http://id.loc.gov/authorities/names/no93020729</marc:subfield>
      </marc:datafield>
      <marc:datafield tag="720" ind1=" " ind2=" ">
         <marc:subfield code="a">Venza, Jac</marc:subfield>
         <marc:subfield code="e">Executive Producer</marc:subfield>
         <marc:subfield code="0">http://id.loc.gov/authorities/names/no93017967</marc:subfield>
      </marc:datafield>
      <marc:datafield tag="720" ind1=" " ind2=" ">
         <marc:subfield code="a">Jacker,
         Corinne</marc:subfield>
         <marc:subfield code="e">Writer</marc:subfield>
         <marc:subfield code="0">http://id.loc.gov/authorities/names/n50027771</marc:subfield>
      </marc:datafield>
      <marc:datafield tag="720" ind1=" " ind2=" ">
         <marc:subfield code="a">Sternburg,
         Janet</marc:subfield>
         <marc:subfield code="e">Producer</marc:subfield>
         <marc:subfield code="0">http://id.loc.gov/authorities/names/n80038710</marc:subfield>
      </marc:datafield>
      <marc:datafield tag="720" ind1=" " ind2=" ">
         <marc:subfield code="a">Educational Broadcasting Corporation. NET Division</marc:subfield>
         <marc:subfield code="e">Production Company</marc:subfield>
         <marc:subfield code="0">http://id.loc.gov/authorities/names/n81076889</marc:subfield>
      </marc:datafield>
      <marc:datafield tag="260" ind1=" " ind2=" ">
         <marc:subfield code="c">1971-4-22</marc:subfield>
      </marc:datafield>
      <marc:datafield tag="520" ind1=" " ind2=" ">
         <marc:subfield code="a">Filler following NET playhouse biography. George Eliot. Two programs on one
         tape. "Virginia Woolf: The Moment Whole" features Marian Seldes (winner of a Tony Award for
         her Broadway performance in "A Delicate Balance') giving life to the thoughts of writer
         Virginia Woolf as expressed in her essay "A Room of One's Own" and her novel "The Waves."
         With these and other works Mrs. Woolf (1882-19410 became a champion of women's
         self-assertion in the arts. 'This aspect of her writing has been rediscovered by women who
         are now trying to define themselves both as women and artists,' says producer Janet
         Sternburg. This film was shot in and around an old windmill house at Montauk, N.Y., on the
         eastern tip of long Island. The setting is similar to Mrs. Woolf's country home and the
         English landscape of her writing.</marc:subfield>
      </marc:datafield>
      <marc:datafield tag="024" ind1="8" ind2=" ">
         <marc:subfield code="a">2405171</marc:subfield>
         <marc:subfield code="2">MAVIS Title Number</marc:subfield>
      </marc:datafield>
      <marc:datafield tag="653" ind1=" " ind2=" ">
         <marc:subfield code="a">Women authors</marc:subfield>
         <marc:subfield code="0">http://id.loc.gov/authorities/subjects/sh85147456</marc:subfield>
      </marc:datafield>
      <marc:datafield tag="653" ind1=" " ind2=" ">
         <marc:subfield code="a">Woolf, Virginia, 1882-1941</marc:subfield>
         <marc:subfield code="0">http://id.loc.gov/authorities/names/n79041870</marc:subfield>
      </marc:datafield>
      <marc:datafield tag="245" ind1="0" ind2="0">
         <marc:subfield code="a">Virginia Woolf--The moment whole.</marc:subfield>
         <marc:subfield code="b">a production of NET Division, Educational
         Broadcasting Corporation ; NET executive producer, Jac Venza ; producer, Janet Sternburg ;
         writer, Corinne Jacker.</marc:subfield>
      </marc:datafield>
      <marc:datafield tag="246" ind1="3" ind2="3">
         <marc:subfield code="a">The moment whole.</marc:subfield>
      </marc:datafield>
      <marc:datafield tag="655" ind1=" " ind2="0">
         <marc:subfield code="a">Biographical television programs
         (lcgft)</marc:subfield>
         <marc:subfield code="0">http://id.loc.gov/authorities/genreForms/gf2011026091</marc:subfield>
      </marc:datafield>
      <marc:datafield tag="655" ind1=" " ind2="0">
         <marc:subfield code="a">Fiction television programs
         (lcgft)</marc:subfield>
         <marc:subfield code="0">http://id.loc.gov/authorities/genreForms/gf2011026252\n</marc:subfield>
      </marc:datafield>
   </marc:record>