
   <marc:record>
      <marc:leader>      am         3u     </marc:leader>
      <marc:datafield tag="042" ind1=" " ind2=" ">
         <marc:subfield code="a">dc</marc:subfield>
      </marc:datafield>
      <marc:datafield tag="720" ind1=" " ind2=" ">
         <marc:subfield code="a">National Educational Television and Radio Center</marc:subfield>
         <marc:subfield code="e">Broadcaster</marc:subfield>
         <marc:subfield code="0">http://id.loc.gov/authorities/names/n80050382</marc:subfield>
      </marc:datafield>
      <marc:datafield tag="720" ind1=" " ind2=" ">
         <marc:subfield code="a">Office de radiodiffusion-tlvision franaise</marc:subfield>
         <marc:subfield code="e">Production Company</marc:subfield>
         <marc:subfield code="0">http://id.loc.gov/authorities/names/n80113946</marc:subfield>
      </marc:datafield>
      <marc:datafield tag="720" ind1=" " ind2=" ">
         <marc:subfield code="a">Group W Productions</marc:subfield>
         <marc:subfield code="e">Production Company</marc:subfield>
         <marc:subfield code="0">http://id.loc.gov/authorities/names/n82221113</marc:subfield>
      </marc:datafield>
      <marc:datafield tag="720" ind1=" " ind2=" ">
         <marc:subfield code="a">Chessid, Kay</marc:subfield>
         <marc:subfield code="e">Producer</marc:subfield>
      </marc:datafield>
      <marc:datafield tag="720" ind1=" " ind2=" ">
         <marc:subfield code="a">Hunebelle,
         Danielle</marc:subfield>
         <marc:subfield code="e">Producer</marc:subfield>
         <marc:subfield code="0">http://id.loc.gov/authorities/names/n2004033921</marc:subfield>
      </marc:datafield>
      <marc:datafield tag="260" ind1=" " ind2=" ">
         <marc:subfield code="c">1969-2-6</marc:subfield>
      </marc:datafield>
      <marc:datafield tag="520" ind1=" " ind2=" ">
         <marc:subfield code="a">From NET microfiche, file B: "The Boss's Son" is one of a series of dramatized
         documentaries the French journalist Danielle Hunabelle made especially for French
         television. The series (of ten programs to date) is called "Jeux de Societe" or games of
         society. Each program in the series investigates some aspect of present-day French society
         and uses the device of a fictionalized plot to heighten the documenting of that film's
         particular social climate. The story line of "The Boss's Son" is a simple one. Bruno, the
         son of a textile magnate in a small French town, falls in love with Yvette, one of the
         girls in his father's factory, but the social pressures on both of them succeed in
         terminating their romance. Through the use of this plot, coupled with straight film
         documentary techniques (film footage depicting the actual environments of the rich boy and
         of the working-class girl, interviews with real townspeople from those two social classes),
         Mme. Hunabelle has drawn a picture-in-depth in "The Boss's Son" of human relationships
         between bosses and workers in an industrial province north of Paris. The viewer is shown
         graphically those obstacles of class, customs, and tradition which the lovers find it
         impossible to overcome. None of the people who appear in the film is an actor. The amateur
         "actors" in the plot portray roles similar, if not identical to those roles they play in
         actual life. The young girl is a real factory worker. The rich boy is really the son of an
         industrialist. All the people who are shown being interviewed, and whose opinions propel
         the dramatic action, expressed their own ideas and prejudices. At the close of the film
         there is a short segment filmed in a Westinghouse elevator factory in New Jersey. "The
         Boss's son" was shown to a group of workers, and their reactions and opinions filmed in
         order to give an "American postscript" to it. A specially-prepared American sound track has
         been superimposed over the original French track to allow both the French dialogue and
         sound effects to run effectively under the English-language translation. Background of the
         filmmaker Mme. Danielle Hunabelle is a correspondent and senior editor of the French
         magazine "Realities." She has been a foreign correspondent for various French, English, and
         American newspapers and magazines since 1948 and has covered stories as far away as
         Indochina. She began her work in television documentaries in 1962. NET Playhouse: "The
         Boss's Son" is a National Educational Television presentation, produced by Danielle
         Hunabelle for ORTF, Paris Producer for NET: Kay Chessid</marc:subfield>
      </marc:datafield>
      <marc:datafield tag="337" ind1=" " ind2=" ">
         <marc:subfield code="a">Moving Image</marc:subfield>
         <marc:subfield code="2">MAVIS media type controlled vocabulary</marc:subfield>
      </marc:datafield>
      <marc:datafield tag="024" ind1="8" ind2=" ">
         <marc:subfield code="a">2429721</marc:subfield>
         <marc:subfield code="2">MAVIS Title Number</marc:subfield>
      </marc:datafield>
      <marc:datafield tag="024" ind1="8" ind2=" ">
         <marc:subfield code="a">NPBO</marc:subfield>
         <marc:subfield code="2">NET/PBS NOLA</marc:subfield>
      </marc:datafield>
      <marc:datafield tag="024" ind1="8" ind2=" ">
         <marc:subfield code="a">0 (PBS-1994.xls spreadsheet)</marc:subfield>
         <marc:subfield code="2">NET/PBS number</marc:subfield>
      </marc:datafield>
      <marc:datafield tag="024" ind1="8" ind2=" ">
         <marc:subfield code="a">123 (NET microfiche)</marc:subfield>
         <marc:subfield code="2">NET/PBS number</marc:subfield>
      </marc:datafield>
      <marc:datafield tag="546" ind1=" " ind2=" ">
         <marc:subfield code="a">English</marc:subfield>
      </marc:datafield>
      <marc:datafield tag="653" ind1=" " ind2=" ">
         <marc:subfield code="a">Social classes</marc:subfield>
         <marc:subfield code="0">http://id.loc.gov/authorities/subjects/sh85123921</marc:subfield>
      </marc:datafield>
      <marc:datafield tag="245" ind1="0" ind2="0">
         <marc:subfield code="a">NET playhouse. Boss's son.</marc:subfield>
         <marc:subfield code="b">Produced by Danielle Hunebelle for ORTF, Paris
         ; National Educational Television presentation ; producer for NET, Kay
         Chessid.</marc:subfield>
      </marc:datafield>
      <marc:datafield tag="246" ind1="3" ind2="3">
         <marc:subfield code="a">Jeux de societe.</marc:subfield>
      </marc:datafield>
      <marc:datafield tag="246" ind1="3" ind2="3">
         <marc:subfield code="a">Boss's son.</marc:subfield>
      </marc:datafield>
      <marc:datafield tag="246" ind1="3" ind2="3">
         <marc:subfield code="a">Society's games. The boss's
         son.</marc:subfield>
      </marc:datafield>
      <marc:datafield tag="246" ind1="3" ind2="3">
         <marc:subfield code="a">A generation of leaves. The boss's
         son.</marc:subfield>
      </marc:datafield>
      <marc:datafield tag="246" ind1="3" ind2="3">
         <marc:subfield code="a">NET playhouse
         #123. Boss's son.</marc:subfield>
      </marc:datafield>
      <marc:datafield tag="246" ind1="3" ind2="3">
         <marc:subfield code="a">The boss's son.</marc:subfield>
      </marc:datafield>
      <marc:datafield tag="246" ind1="3" ind2="3">
         <marc:subfield code="a">NET playhouse. The boss's
         son.</marc:subfield>
      </marc:datafield>
      <marc:datafield tag="246" ind1="3" ind2="3">
         <marc:subfield code="a">NET playhouse. [No. 123], Boss's son.</marc:subfield>
      </marc:datafield>
      <marc:datafield tag="655" ind1=" " ind2="0">
         <marc:subfield code="a">Documentary-style television programs
         (lcgft)</marc:subfield>
         <marc:subfield code="0">http://id.loc.gov/authorities/genreForms/gf2011026209</marc:subfield>
      </marc:datafield>
      <marc:datafield tag="655" ind1=" " ind2="0">
         <marc:subfield code="a">Fiction television programs
         (lcgft)</marc:subfield>
         <marc:subfield code="0">http://id.loc.gov/authorities/genreForms/gf2011026252\n</marc:subfield>
      </marc:datafield>
      <marc:datafield tag="655" ind1=" " ind2="0">
         <marc:subfield code="a">Romance television programs
         (lcgft)</marc:subfield>
         <marc:subfield code="0">http://id.loc.gov/authorities/genreForms/gf2011026544\n</marc:subfield>
      </marc:datafield>
   </marc:record>