
   <marc:record>
      <marc:leader>      am         3u     </marc:leader>
      <marc:datafield tag="042" ind1=" " ind2=" ">
         <marc:subfield code="a">dc</marc:subfield>
      </marc:datafield>
      <marc:datafield tag="720" ind1=" " ind2=" ">
         <marc:subfield code="a">National Educational Television and Radio Center</marc:subfield>
         <marc:subfield code="e">Broadcaster</marc:subfield>
         <marc:subfield code="0">http://id.loc.gov/authorities/names/n80050382</marc:subfield>
      </marc:datafield>
      <marc:datafield tag="720" ind1=" " ind2=" ">
         <marc:subfield code="a">Briers,
         Richard</marc:subfield>
         <marc:subfield code="e">Cast/Actor</marc:subfield>
         <marc:subfield code="0">http://id.loc.gov/authorities/names/n88032824</marc:subfield>
      </marc:datafield>
      <marc:datafield tag="720" ind1=" " ind2=" ">
         <marc:subfield code="a">Pettingell, Frank</marc:subfield>
         <marc:subfield code="e">Cast/Actor</marc:subfield>
         <marc:subfield code="0">http://id.loc.gov/authorities/names/n88641915</marc:subfield>
      </marc:datafield>
      <marc:datafield tag="720" ind1=" " ind2=" ">
         <marc:subfield code="a">Oxley, Roy</marc:subfield>
         <marc:subfield code="e">Set Designer/Set Decorator</marc:subfield>
      </marc:datafield>
      <marc:datafield tag="720" ind1=" " ind2=" ">
         <marc:subfield code="a">Woods, Mary</marc:subfield>
         <marc:subfield code="e">Costume Designer</marc:subfield>
         <marc:subfield code="0">http://id.loc.gov/authorities/names/no99015600</marc:subfield>
      </marc:datafield>
      <marc:datafield tag="720" ind1=" " ind2=" ">
         <marc:subfield code="a">Jameson, Pauline</marc:subfield>
         <marc:subfield code="e">Cast/Actor</marc:subfield>
         <marc:subfield code="0">http://id.loc.gov/authorities/names/no2002074269</marc:subfield>
      </marc:datafield>
      <marc:datafield tag="720" ind1=" " ind2=" ">
         <marc:subfield code="a">Beevers, Diana</marc:subfield>
         <marc:subfield code="e">Cast/Actor</marc:subfield>
      </marc:datafield>
      <marc:datafield tag="720" ind1=" " ind2=" ">
         <marc:subfield code="a">Davies, Ann</marc:subfield>
         <marc:subfield code="e">Cast/Actor</marc:subfield>
      </marc:datafield>
      <marc:datafield tag="720" ind1=" " ind2=" ">
         <marc:subfield code="a">Sherwin, Derrick</marc:subfield>
         <marc:subfield code="e">Cast/Actor</marc:subfield>
         <marc:subfield code="0">http://id.loc.gov/authorities/names/no2018053265</marc:subfield>
      </marc:datafield>
      <marc:datafield tag="720" ind1=" " ind2=" ">
         <marc:subfield code="a">British Broadcasting Corporation</marc:subfield>
         <marc:subfield code="e">Production Company</marc:subfield>
         <marc:subfield code="0">http://id.loc.gov/authorities/names/n79074359</marc:subfield>
      </marc:datafield>
      <marc:datafield tag="720" ind1=" " ind2=" ">
         <marc:subfield code="a">Thomas, Brandon, 1856-1914</marc:subfield>
         <marc:subfield code="e">Author/Based on</marc:subfield>
      </marc:datafield>
      <marc:datafield tag="720" ind1=" " ind2=" ">
         <marc:subfield code="a">Muir, Graeme</marc:subfield>
         <marc:subfield code="e">Producer</marc:subfield>
      </marc:datafield>
      <marc:datafield tag="720" ind1=" " ind2=" ">
         <marc:subfield code="a">Chessid, Kay</marc:subfield>
         <marc:subfield code="e">Producer</marc:subfield>
      </marc:datafield>
      <marc:datafield tag="720" ind1=" " ind2=" ">
         <marc:subfield code="a">Devaney, Pauline</marc:subfield>
         <marc:subfield code="e">Writer</marc:subfield>
      </marc:datafield>
      <marc:datafield tag="720" ind1=" " ind2=" ">
         <marc:subfield code="a">Apps,
         Edwin</marc:subfield>
         <marc:subfield code="e">Writer</marc:subfield>
         <marc:subfield code="0">http://id.loc.gov/authorities/names/no2005095818</marc:subfield>
      </marc:datafield>
      <marc:datafield tag="720" ind1=" " ind2=" ">
         <marc:subfield code="a">Wraith, John</marc:subfield>
         <marc:subfield code="e">Writer</marc:subfield>
      </marc:datafield>
      <marc:datafield tag="260" ind1=" " ind2=" ">
         <marc:subfield code="c">1968-2-16</marc:subfield>
      </marc:datafield>
      <marc:datafield tag="520" ind1=" " ind2=" ">
         <marc:subfield code="a">From NET microfiche: Brandon Thomas, English dramatist, actor and manager, who
         died in 1914 at the age of 57, is remembered today mainly as the author of the classic
         Victorian Farce "Charley's Aunt." This intricately contrived piece of sublime nonsense
         about an aristocratic Oxford undergraduate trying to sustain the impersonation of an
         elderly aunt first appeared at London's Royalty Theatre in 1892, where it played for four
         years, a fantastic run in those days. It has been revived constantly ever since, and a
         musical version called "Where's Charley?" (Book by George Abbott with music by Frank
         Loesser) had a successful run on Broadway in 1948) The plot concerns an Oxford student,
         Jack Chesney (madly in love with Kitty Verdun) and his friend, Charles Wykeham (equally
         enamored of Amy Spettigue). Because the girls would never consent to visit them in their
         rooms unchaperoned, the young men take advantage of the impending visit of Charley's rich
         and widowed aunt from Brazil ("Where the nuts come from") to invite the young ladies to tea
         to meet her. But alas, just as the girls arrive, the aunt sends word that she will be
         delayed. What is to be done? The dear young things must not be compromised - no, never! But
         neither will the youths give up the opportunity of receiving the ladies and declaring their
         love. The problem is solved by forcing another friend, young Lord Fancourt Babberley
         (Babbs) into old lace, bombazine bugle-beads, and elastic -sided boots, to become the
         world's most famous "mock aunt." Then all at once the plot thickens. Unexpectedly the real
         aunt arrives (accompanied by her beautiful ward), and Jack's father, Sir Francis Chesney,
         along with Mr. Spettigue, Kitty and Amy's fatuous old guardian, also come upon the scene
         unannounced. Both older men try to improve their fortunes by proposing to the false aunt
         while Charley's real aunt looks son in amusement. At the final unmasking, the real aunt
         turns out to be an old love of Sir Francis, her ward Is the missing love of Babbs, the
         long-suffering masquerader, Kitty and Amy admit they are anxious to wed their young hosts,
         and old Spettigue is sent packing. British television star, Richard Briers heads the cast
         of "Charley's Aunt" playing the role of Lord Fancourt Babberly. With him are the English
         actors Pauline Jameson (the 'real' aunt), Diana Beevers (Charlet's sweetheart Amy), Ann
         Davies (Kitty), Derrick Sherwin (as Jack Chesney), and Raymond Clarke (as "Charley"). Frank
         Pettingell, England's distinguished character actor, plays Mr. Spettigue. NET Playhouse
         -"Charley's Aunt" is a National Educational Television presentation, produced by Graeme
         Muir for the British Broadcasting Corporation. It was adapted for television by John
         Wraith. Scenic design by Roy Oxley, costumes by Mary Woods. Producer for NET: Kay
         Chessid.</marc:subfield>
      </marc:datafield>
      <marc:datafield tag="337" ind1=" " ind2=" ">
         <marc:subfield code="a">Moving Image</marc:subfield>
         <marc:subfield code="2">MAVIS media type controlled vocabulary</marc:subfield>
      </marc:datafield>
      <marc:datafield tag="024" ind1="8" ind2=" ">
         <marc:subfield code="a">1654765</marc:subfield>
         <marc:subfield code="2">MAVIS Title Number</marc:subfield>
      </marc:datafield>
      <marc:datafield tag="024" ind1="8" ind2=" ">
         <marc:subfield code="a">NPCA</marc:subfield>
         <marc:subfield code="2">NET/PBS NOLA</marc:subfield>
      </marc:datafield>
      <marc:datafield tag="024" ind1="8" ind2=" ">
         <marc:subfield code="a">72</marc:subfield>
         <marc:subfield code="2">NET/PBS number</marc:subfield>
      </marc:datafield>
      <marc:datafield tag="546" ind1=" " ind2=" ">
         <marc:subfield code="a">English</marc:subfield>
      </marc:datafield>
      <marc:datafield tag="245" ind1="0" ind2="0">
         <marc:subfield code="a">NET playhouse. Charley's aunt.</marc:subfield>
         <marc:subfield code="b">Produced by Graeme Muir for the British
         Broadcasting Corporation ; National Educational Television presentation ; adapted for
         television by John Wraith ; [by], Brandon Thomas ; producer for NET, Kay
         Chessid.</marc:subfield>
      </marc:datafield>
      <marc:datafield tag="246" ind1="3" ind2="3">
         <marc:subfield code="a">Charley's aunt.</marc:subfield>
      </marc:datafield>
      <marc:datafield tag="246" ind1="3" ind2="3">
         <marc:subfield code="a">The Sunday night play. [1961-04-16],
         Charley's aunt.</marc:subfield>
      </marc:datafield>
      <marc:datafield tag="246" ind1="3" ind2="3">
         <marc:subfield code="a">NET playhouse. [No. 72], Charley's aunt.</marc:subfield>
      </marc:datafield>
      <marc:datafield tag="655" ind1=" " ind2="0">
         <marc:subfield code="a">Television adaptations
         (lcgft)</marc:subfield>
         <marc:subfield code="0">http://id.loc.gov/authorities/genreForms/gf2011026653\n</marc:subfield>
      </marc:datafield>
      <marc:datafield tag="655" ind1=" " ind2="0">
         <marc:subfield code="a">Television comedies (lcgft)</marc:subfield>
         <marc:subfield code="0">http://id.loc.gov/authorities/genreForms/gf2011026654\n</marc:subfield>
      </marc:datafield>
      <marc:datafield tag="655" ind1=" " ind2="0">
         <marc:subfield code="a">Fiction television programs
         (lcgft)</marc:subfield>
         <marc:subfield code="0">http://id.loc.gov/authorities/genreForms/gf2011026252\n</marc:subfield>
      </marc:datafield>
   </marc:record>