
   <marc:record>
      <marc:leader>      am         3u     </marc:leader>
      <marc:datafield tag="042" ind1=" " ind2=" ">
         <marc:subfield code="a">dc</marc:subfield>
      </marc:datafield>
      <marc:datafield tag="720" ind1=" " ind2=" ">
         <marc:subfield code="a">National Educational Television and Radio Center</marc:subfield>
         <marc:subfield code="e">Broadcaster</marc:subfield>
         <marc:subfield code="0">http://id.loc.gov/authorities/names/n80050382</marc:subfield>
      </marc:datafield>
      <marc:datafield tag="720" ind1=" " ind2=" ">
         <marc:subfield code="a">National
         Educational Television and Radio Center</marc:subfield>
         <marc:subfield code="e">Presenter</marc:subfield>
         <marc:subfield code="0">http://id.loc.gov/authorities/names/n80050382</marc:subfield>
      </marc:datafield>
      <marc:datafield tag="720" ind1=" " ind2=" ">
         <marc:subfield code="a">Kay, Norman</marc:subfield>
         <marc:subfield code="e">Music Director/Music Supervision</marc:subfield>
         <marc:subfield code="0">http://id.loc.gov/authorities/names/no91020346</marc:subfield>
      </marc:datafield>
      <marc:datafield tag="720" ind1=" " ind2=" ">
         <marc:subfield code="a">Fraser,
         Bill</marc:subfield>
         <marc:subfield code="e">Cast/Actor</marc:subfield>
         <marc:subfield code="0">http://id.loc.gov/authorities/names/n95075812</marc:subfield>
      </marc:datafield>
      <marc:datafield tag="720" ind1=" " ind2=" ">
         <marc:subfield code="a">Maxwell, James, 1929-1995</marc:subfield>
         <marc:subfield code="e">Cast/Actor</marc:subfield>
      </marc:datafield>
      <marc:datafield tag="720" ind1=" " ind2=" ">
         <marc:subfield code="a">Mort,
         Ray</marc:subfield>
         <marc:subfield code="e">Cast/Actor</marc:subfield>
         <marc:subfield code="0">http://id.loc.gov/authorities/names/no2010066170</marc:subfield>
      </marc:datafield>
      <marc:datafield tag="720" ind1=" " ind2=" ">
         <marc:subfield code="a">Newark,
         Derek</marc:subfield>
         <marc:subfield code="e">Cast/Actor</marc:subfield>
         <marc:subfield code="0">http://id.loc.gov/authorities/names/no2005001252</marc:subfield>
      </marc:datafield>
      <marc:datafield tag="720" ind1=" " ind2=" ">
         <marc:subfield code="a"/>
         <marc:subfield code="e">Director</marc:subfield>
      </marc:datafield>
      <marc:datafield tag="720" ind1=" " ind2=" ">
         <marc:subfield code="a">British Broadcasting Corporation</marc:subfield>
         <marc:subfield code="e">Production Company</marc:subfield>
         <marc:subfield code="0">http://id.loc.gov/authorities/names/n79074359</marc:subfield>
      </marc:datafield>
      <marc:datafield tag="720" ind1=" " ind2=" ">
         <marc:subfield code="a">Chessid, Kay</marc:subfield>
         <marc:subfield code="e">Producer</marc:subfield>
      </marc:datafield>
      <marc:datafield tag="720" ind1=" " ind2=" ">
         <marc:subfield code="a">Luke,
         Peter</marc:subfield>
         <marc:subfield code="e">Producer</marc:subfield>
         <marc:subfield code="0">http://id.loc.gov/authorities/names/n50039174</marc:subfield>
      </marc:datafield>
      <marc:datafield tag="720" ind1=" " ind2=" ">
         <marc:subfield code="a">Leskov, N. S.</marc:subfield>
         <marc:subfield code="e">Author/Based on</marc:subfield>
         <marc:subfield code="0">http://id.loc.gov/authorities/names/n50052867</marc:subfield>
      </marc:datafield>
      <marc:datafield tag="260" ind1=" " ind2=" ">
         <marc:subfield code="c">1968-4-23</marc:subfield>
      </marc:datafield>
      <marc:datafield tag="260" ind1=" " ind2=" ">
         <marc:subfield code="c">1968-12-13</marc:subfield>
      </marc:datafield>
      <marc:datafield tag="520" ind1=" " ind2=" ">
         <marc:subfield code="a">From NET microfiche, file C: It is Imperial Russia in the 1860s and Private
         Postnikov is on guard in his sentry box outside the Czar's palace in St. Petersburg. A
         drunken peasant foolishly begins to make his way across the river and falls through a crack
         in the melting ice. Postnikov, member of a crack guard's regiment, is faced with a dilemma:
         shall he stay at his post or shall he rescue the man and so risk getting shot. Humanity
         wins. He pulls the peasant out of the Neva and hastily gets back on guard. Lt. Kirov, a
         passing officer from another regiment, claims the rescue as his own and reports it to the
         local Police Headquarters. Postnikov's immediate commanding officer, Capt. Miller,
         discovers the sentry's "crime," and ashamed that a member of his regiment should have left
         his post, reports him to the colonel of the regiment, Svinin. The latter, even more jealous
         of the honor and reputation of the regiment (and sensing jeopardy to his own reputation and
         prospect of promotion) sees clearly that the sentry should have shot the struggling peasant
         rather than leave his post. Trembling with rage and indignation, he consults the Chief of
         Police, Gen. Kokoshkin. The general brings pressure to bear on the local station and they
         dig out of the wastebasket, Kirov's statement of his claim to the rescue. Although everyone
         knows Kirov is a liar, the honor of a famous regiment is at stake, and he gets a medal for
         bravery. To make sure that Postnikov thinks twice the next time he is tempted to rescue
         drunken peasants, the real hero gets two hundred strokes of the birch. Capt. Miller has
         liberal views and a troubled conscience. He appeals to Svinin and to the Archbishop but
         both tell him to leave well enough alone. He is still troubled and visits Postnikov,
         recovering from his punishment in the military hospital only to find that the happy private
         is relieved that he got off so lightly. The Cast: Postnikov - Derek Newark Col. Svinin -
         Bill Fraser Gen. Kokoshkin - Michael Hordern Capt. Miller - James Maxwell Kirov - Jack May
         Peasant - Ray Mort Narrator - Richard Horndall Police Superintendent - Duncan Lewis The
         Bishop - Peter Madden Sgt. Platov - Donald Webster Police Constable - Conrad Monk Hospital
         Orderly - Trevor Peacock Kokoshkin's Aide - Roger Swaine Svinin's Batman - Duncan
         Livingstone The Painter - Colin Vacao The Two Guards - David Kelsey and John Bay NET
         Playhouse - "A Crack in the Ice" is a National Educational Television presentation,
         produced for the British Broadcasting Corporation by Peter Luke. It was dramatized and
         directed by Ronald Eyre. Drawing by Signum, Music by Norman Kay, and Producer for NET: Kay
         Chessid.</marc:subfield>
      </marc:datafield>
      <marc:datafield tag="337" ind1=" " ind2=" ">
         <marc:subfield code="a">Moving Image</marc:subfield>
         <marc:subfield code="2">MAVIS media type controlled vocabulary</marc:subfield>
      </marc:datafield>
      <marc:datafield tag="024" ind1="8" ind2=" ">
         <marc:subfield code="a">2432699</marc:subfield>
         <marc:subfield code="2">MAVIS Title Number</marc:subfield>
      </marc:datafield>
      <marc:datafield tag="024" ind1="8" ind2=" ">
         <marc:subfield code="a">185 (NET microfiche, file C)</marc:subfield>
         <marc:subfield code="2">NET/PBS number</marc:subfield>
      </marc:datafield>
      <marc:datafield tag="024" ind1="8" ind2=" ">
         <marc:subfield code="a">NPCI</marc:subfield>
         <marc:subfield code="2">NET/PBS NOLA</marc:subfield>
      </marc:datafield>
      <marc:datafield tag="024" ind1="8" ind2=" ">
         <marc:subfield code="a">O (PBS-1994.xls Excel spreadsheet)</marc:subfield>
         <marc:subfield code="2">NET/PBS number</marc:subfield>
      </marc:datafield>
      <marc:datafield tag="024" ind1="8" ind2=" ">
         <marc:subfield code="a">115 (NET microfiche, file N)</marc:subfield>
         <marc:subfield code="2">NET/PBS number</marc:subfield>
      </marc:datafield>
      <marc:datafield tag="546" ind1=" " ind2=" ">
         <marc:subfield code="a">English</marc:subfield>
      </marc:datafield>
      <marc:datafield tag="245" ind1="0" ind2="0">
         <marc:subfield code="a">NET playhouse. Crack in the ice.</marc:subfield>
         <marc:subfield code="b">Produced for the British Broadcasting
         Corporation by Peter Luke ; National Educational Television presentation ; dramatized and
         directed by Ronald Eyre ; producer for NET, Kay Chessid.</marc:subfield>
      </marc:datafield>
      <marc:datafield tag="246" ind1="3" ind2="3">
         <marc:subfield code="a">Crack in the ice.</marc:subfield>
      </marc:datafield>
      <marc:datafield tag="246" ind1="3" ind2="3">
         <marc:subfield code="a">NET playhouse. [No. 115], Crack in the
         ice.</marc:subfield>
      </marc:datafield>
      <marc:datafield tag="246" ind1="3" ind2="3">
         <marc:subfield code="a">NET playhouse. [No. 185], Crack in the
         ice.</marc:subfield>
      </marc:datafield>
      <marc:datafield tag="655" ind1=" " ind2="0">
         <marc:subfield code="a">Television adaptations
         (lcgft)</marc:subfield>
         <marc:subfield code="0">http://id.loc.gov/authorities/genreForms/gf2011026653\n</marc:subfield>
      </marc:datafield>
      <marc:datafield tag="655" ind1=" " ind2="0">
         <marc:subfield code="a">Fiction television programs
         (lcgft)</marc:subfield>
         <marc:subfield code="0">http://id.loc.gov/authorities/genreForms/gf2011026252\n</marc:subfield>
      </marc:datafield>
   </marc:record>