
   <marc:record>
      <marc:leader>      am         3u     </marc:leader>
      <marc:datafield tag="042" ind1=" " ind2=" ">
         <marc:subfield code="a">dc</marc:subfield>
      </marc:datafield>
      <marc:datafield tag="720" ind1=" " ind2=" ">
         <marc:subfield code="a">Ray, Satyajit</marc:subfield>
         <marc:subfield code="e">Adapter/Dramatization</marc:subfield>
         <marc:subfield code="0">http://id.loc.gov/authorities/names/n80002447</marc:subfield>
      </marc:datafield>
      <marc:datafield tag="720" ind1=" " ind2=" ">
         <marc:subfield code="a">National Educational Television and Radio Center</marc:subfield>
         <marc:subfield code="e">Broadcaster</marc:subfield>
         <marc:subfield code="0">http://id.loc.gov/authorities/names/n80050382</marc:subfield>
      </marc:datafield>
      <marc:datafield tag="720" ind1=" " ind2=" ">
         <marc:subfield code="a">Chatterjee, Soumitra</marc:subfield>
         <marc:subfield code="e">Cast/Actor</marc:subfield>
      </marc:datafield>
      <marc:datafield tag="720" ind1=" " ind2=" ">
         <marc:subfield code="a">Biswas,
         Sachindranath</marc:subfield>
         <marc:subfield code="e">Cast/Actor</marc:subfield>
         <marc:subfield code="0">http://id.loc.gov/authorities/names/nr96037230</marc:subfield>
      </marc:datafield>
      <marc:datafield tag="720" ind1=" " ind2=" ">
         <marc:subfield code="a">Ray,
         Satyajit</marc:subfield>
         <marc:subfield code="e">Producer</marc:subfield>
         <marc:subfield code="0">http://id.loc.gov/authorities/names/n80002447</marc:subfield>
      </marc:datafield>
      <marc:datafield tag="720" ind1=" " ind2=" ">
         <marc:subfield code="a">Ray,
         Satyajit</marc:subfield>
         <marc:subfield code="e">Director</marc:subfield>
         <marc:subfield code="0">http://id.loc.gov/authorities/names/n80002447</marc:subfield>
      </marc:datafield>
      <marc:datafield tag="720" ind1=" " ind2=" ">
         <marc:subfield code="a">Chessid, Kay</marc:subfield>
         <marc:subfield code="e">Producer</marc:subfield>
      </marc:datafield>
      <marc:datafield tag="260" ind1=" " ind2=" ">
         <marc:subfield code="c">1968-11-22</marc:subfield>
      </marc:datafield>
      <marc:datafield tag="260" ind1=" " ind2=" ">
         <marc:subfield code="c">1960-2-19</marc:subfield>
      </marc:datafield>
      <marc:datafield tag="520" ind1=" " ind2=" ">
         <marc:subfield code="a">From NET microfiche: Kalikikar Roy is a man of deep religious convictions and
         a great devotee of the goddess Kati (called "Ma"). His elder son, Taraprasad, is
         weak-willed and anxious not to displease his father lest he be deprived of his inheritance.
         Taraprasad has a wife, Harasundari, and a five-year-old son, Khoka, the pet of the entire
         household. The younger son, Umaprasad, whose new wife, Doya, is a great favorite of the old
         man, has little in common with his brother. He studies in a Calcutta university, has
         converted to Christianity, and regards his father's religious convictions as unenlightened
         and old fashioned. Doya looks forward to joining her husband in Calcutta, but will be sorry
         to leave her nephew. The child is devoted to her to a degree which has aroused the jealousy
         of his mother. One night old Kalikikar dreams that Doya is an incarnation of the goddess
         Kali. He proclaims the vision and the helpless Doya find herself installed as deity. When
         Umaprasad is summoned home from Calcutta by his sister-in-law, he is shocked by the
         spectacle of his wife being worshipped as the goddess Kali, a sick peasant child laid at
         her feet in the hope of a miraculous recovery. He seeks out his father, has a serious
         quarrel with him, and threatens to stop the meaningless ritual. But he is unnerved by the
         news of the sick child's recovery However, Umaprasad convinces Doya to run away with him.
         During the night as they are fleeing the house, however, Doya suddenly stops. "What if I am
         a goddess?" she asks. "After all, the child did survive." Umaprasad gives up in despair. He
         leaves and returns alone to his studies in the city, but Doya has no peace. She is torn
         between love and longing for him and her duties as the goddess incarnate. But one day her
         beloved nephew falls ill. His mother, who never believed in Doya's divinity, pleads for
         medical help despite the opposition of her husband and father-in-law. The goddess Kali, in
         the form of Doya, will intervene again. The boy is brought to Doya and dies in her lap.
         When Umaprasad returns once more, this time determined to free his wife from her bondage,
         he discovers that he is too late. The shock of Khoka's death has been too much for Doya an
         she has lost her mind. Background Information: Still only in his 40s, Satyajit Ray is
         internationally acknowledged as the master of serious Indian films. Satyajit was born in
         Calcutta in 1922 into a distinguished and educated family. His grandfather was a painter,
         poet, scientist and editor, and his father was a well-known writer who authored, among
         other works, Bengal's classic book of nonsense. Young Ray graduated from the University of
         Calcutta with honors in physic and economics. At the urging of the late Rabindranath
         Tagore, Nobel Prize winning poet and writer, Ray entered Santiniketan, Tagore's "world
         university" where the young student immersed himself in the history of art and developed a
         skill in drawing. After Tagore's death, he left eh school and went to work as are director
         for a British advertising firm in Calcutta. During this time he met the French filmmaker,
         Jean Renoir, who became a major influence on Ray's film work. Later, when his firm sent him
         to England for three months, he had an opportunity to learn the new trends in filmmaking
         first hand. It was after he had illustrated an edition of the popular Indian novel "Father
         Panchall" that Ray started to consider making a film of it. Seven years were to elapse
         between the beginning of his work on this first film and the completion of the whole "Apu
         Trilogy." But since that acknowledged masterpiece and the production of "Devi," his second
         and some consider equally great effort, Ray has produced some two films each year. Based on
         a story written by Prabhat Kmar Mukherjee, on a theme suggested by Rabindranath
         Tagore.</marc:subfield>
      </marc:datafield>
      <marc:datafield tag="337" ind1=" " ind2=" ">
         <marc:subfield code="a">Moving Image</marc:subfield>
         <marc:subfield code="2">MAVIS media type controlled vocabulary</marc:subfield>
      </marc:datafield>
      <marc:datafield tag="024" ind1="8" ind2=" ">
         <marc:subfield code="a">2427703</marc:subfield>
         <marc:subfield code="2">MAVIS Title Number</marc:subfield>
      </marc:datafield>
      <marc:datafield tag="024" ind1="8" ind2=" ">
         <marc:subfield code="a">NPDE</marc:subfield>
         <marc:subfield code="2">NET/PBS NOLA</marc:subfield>
      </marc:datafield>
      <marc:datafield tag="024" ind1="8" ind2=" ">
         <marc:subfield code="a">112 (from NET microfiche)</marc:subfield>
         <marc:subfield code="2">NET/PBS number</marc:subfield>
      </marc:datafield>
      <marc:datafield tag="024" ind1="8" ind2=" ">
         <marc:subfield code="a">0 (from PBS-1994.xls)</marc:subfield>
         <marc:subfield code="2">NET/PBS number</marc:subfield>
      </marc:datafield>
      <marc:datafield tag="024" ind1="8" ind2=" ">
         <marc:subfield code="a">153 (NET microfiche)</marc:subfield>
         <marc:subfield code="2">NET/PBS number</marc:subfield>
      </marc:datafield>
      <marc:datafield tag="546" ind1=" " ind2=" ">
         <marc:subfield code="a">English</marc:subfield>
      </marc:datafield>
      <marc:datafield tag="787" ind1="0" ind2=" ">
         <marc:subfield code="w">2427713</marc:subfield>
         <marc:subfield code="n">MAVIS id number</marc:subfield>
      </marc:datafield>
      <marc:datafield tag="653" ind1=" " ind2=" ">
         <marc:subfield code="a">Hindu goddesses</marc:subfield>
         <marc:subfield code="0">http://id.loc.gov/authorities/subjects/sh85055596</marc:subfield>
      </marc:datafield>
      <marc:datafield tag="653" ind1=" " ind2=" ">
         <marc:subfield code="a">Hinduism</marc:subfield>
         <marc:subfield code="0">http://id.loc.gov/authorities/subjects/sh85060932</marc:subfield>
      </marc:datafield>
      <marc:datafield tag="245" ind1="0" ind2="0">
         <marc:subfield code="a">NET playhouse. Devi.</marc:subfield>
         <marc:subfield code="b">a National Educational Television presentation
         ; NET producer, Kay Chessid ; producer, director, adapter, Satyajit Ray.</marc:subfield>
      </marc:datafield>
      <marc:datafield tag="246" ind1="3" ind2="3">
         <marc:subfield code="a">The goddess.</marc:subfield>
      </marc:datafield>
      <marc:datafield tag="246" ind1="3" ind2="3">
         <marc:subfield code="a">Devi.</marc:subfield>
      </marc:datafield>
      <marc:datafield tag="246" ind1="3" ind2="3">
         <marc:subfield code="a">NET playhouse. [Revised].
         Devi.</marc:subfield>
      </marc:datafield>
      <marc:datafield tag="246" ind1="3" ind2="3">
         <marc:subfield code="a">NET playhouse. Devi. [revised
         version].</marc:subfield>
      </marc:datafield>
      <marc:datafield tag="246" ind1="3" ind2="3">
         <marc:subfield code="a">NET playhouse. [1968-11-22]. Devi.</marc:subfield>
      </marc:datafield>
      <marc:datafield tag="246" ind1="3" ind2="3">
         <marc:subfield code="a">NET playhouse. [No. 112], Devi.</marc:subfield>
      </marc:datafield>
      <marc:datafield tag="246" ind1="3" ind2="3">
         <marc:subfield code="a">NET playhouse. [No. 153], Devi.</marc:subfield>
      </marc:datafield>
      <marc:datafield tag="655" ind1=" " ind2="0">
         <marc:subfield code="a">Fiction television programs
         (lcgft)</marc:subfield>
         <marc:subfield code="0">http://id.loc.gov/authorities/genreForms/gf2011026252\n</marc:subfield>
      </marc:datafield>
      <marc:datafield tag="655" ind1=" " ind2="0">
         <marc:subfield code="a">Religious television programs
         (lcgft)</marc:subfield>
         <marc:subfield code="0">http://id.loc.gov/authorities/genreForms/gf2011026528\n</marc:subfield>
      </marc:datafield>
   </marc:record>