
   <marc:record>
      <marc:leader>      am         3u     </marc:leader>
      <marc:datafield tag="042" ind1=" " ind2=" ">
         <marc:subfield code="a">dc</marc:subfield>
      </marc:datafield>
      <marc:datafield tag="720" ind1=" " ind2=" ">
         <marc:subfield code="a">National Educational Television and Radio Center</marc:subfield>
         <marc:subfield code="e">Broadcaster</marc:subfield>
         <marc:subfield code="0">http://id.loc.gov/authorities/names/n80050382</marc:subfield>
      </marc:datafield>
      <marc:datafield tag="720" ind1=" " ind2=" ">
         <marc:subfield code="a">Valdez, Luis</marc:subfield>
         <marc:subfield code="e">Interviewee</marc:subfield>
         <marc:subfield code="0">http://id.loc.gov/authorities/names/n83217221</marc:subfield>
      </marc:datafield>
      <marc:datafield tag="720" ind1=" " ind2=" ">
         <marc:subfield code="a">National Educational Television and Radio Center</marc:subfield>
         <marc:subfield code="e">Production Company</marc:subfield>
         <marc:subfield code="0">http://id.loc.gov/authorities/names/n80050382</marc:subfield>
      </marc:datafield>
      <marc:datafield tag="720" ind1=" " ind2=" ">
         <marc:subfield code="a">KCET (Television station : Los Angeles, Calif.)</marc:subfield>
         <marc:subfield code="e">Production Company</marc:subfield>
         <marc:subfield code="0">http://id.loc.gov/authorities/names/n50082227</marc:subfield>
      </marc:datafield>
      <marc:datafield tag="720" ind1=" " ind2=" ">
         <marc:subfield code="a">KQED-TV</marc:subfield>
         <marc:subfield code="e">Production Company</marc:subfield>
         <marc:subfield code="0">http://id.loc.gov/authorities/names/no2016031835</marc:subfield>
      </marc:datafield>
      <marc:datafield tag="720" ind1=" " ind2=" ">
         <marc:subfield code="a">Venza, Jac</marc:subfield>
         <marc:subfield code="e">Executive Producer</marc:subfield>
         <marc:subfield code="0">http://id.loc.gov/authorities/names/no93017967</marc:subfield>
      </marc:datafield>
      <marc:datafield tag="720" ind1=" " ind2=" ">
         <marc:subfield code="a">Hochberg,
         Victoria</marc:subfield>
         <marc:subfield code="e">Producer</marc:subfield>
         <marc:subfield code="0">http://id.loc.gov/authorities/names/no93020729</marc:subfield>
      </marc:datafield>
      <marc:datafield tag="720" ind1=" " ind2=" ">
         <marc:subfield code="a">Sternburg,
         Janet</marc:subfield>
         <marc:subfield code="e">Producer</marc:subfield>
         <marc:subfield code="0">http://id.loc.gov/authorities/names/n80038710</marc:subfield>
      </marc:datafield>
      <marc:datafield tag="260" ind1=" " ind2=" ">
         <marc:subfield code="c">1970-6-4</marc:subfield>
      </marc:datafield>
      <marc:datafield tag="260" ind1=" " ind2=" ">
         <marc:subfield code="c">1970</marc:subfield>
      </marc:datafield>
      <marc:datafield tag="520" ind1=" " ind2=" ">
         <marc:subfield code="a">"El Teatro Campesino: b/w (ca. 1968; Net Playhouse) political film advocating
         the rights of migrant workers in the San Joaquin Valley--good POV shots through the San
         Joaquin Valley; farmhouses and abandoned farmlands and Mexican ghettos w/ poor living
         conditions--Chicano plays guitar w/ political rights theme--interview w/ producer of
         political drama team El Teatro Campesino, which performs skits to bring awareness of the
         plight of migrant workers and promotes social change--good shots of migrant workers on
         strike; Cesar Chavez shown encouraging strike and using bullhorn to speak to migrant
         workers--skit performed in Santa Barbara; stereotypes docile Mexicans (racism)--mural, "La
         Raza"--good shots of unemployed Mexican men idly on street corners--Chicano recites poem w/
         civil rights theme--interview w/ man who praises Pancho Villa 2000' Z-1A "--Summary from J.
         Fred MacDonald and Associates TV inventory. From NET microfiche, file E: In September 1965
         the then three-year-old National Farmworkers Association headed by Cesar Chaves (now known
         as the United Farmworkers Organization Committee) voted in Delano, California, to strike
         California vineyards. The union, composed chiefly of Mexican-Americans, continues the
         walkout today against grape growers who have not agreed to a contract. Since 1967 the
         strike has been aided by a partially successful consumer boycott of California-grown table
         grapes. Two months after the strike began, Luis Valdez, a former laborer who worked his way
         through San Jose State College and then joined the San Francisco Mime Troupe, returned to
         his native Delano and founded El Teatro Campesino, which means the theater of the
         farmworkers. The original purpose of El Teatro were the boosting of strikers' morale and
         the conversion or non-strikers to "la causa" - the cause. Gradually, however, the group has
         broadened its objectives, using its satire to attack the full range of problems faced by
         Mexican-Americans. Its avowed purpose now is to reawaken a sense of cultural identity among
         Mexican-Americans and help lift them from what Chavez has termed "society's cellar." In
         1967 El Teatro went on a national fundraising tour and performed, among other places, at
         the Newport Folk Festival and in New York City's "East Village" and gave a special
         performance in Washington, DC before the Senate Subcommittee on Migratory Labor. This NET
         program traces the evolution of El Teatro. There are interviews with Valdez, who directs
         the company and writes much of the material. At times he talks on camera about "Chicano"
         (Mexican-American) culture and at other times his voice is heard over other visual
         material. The group performs: musical numbers; an "acto", which is a satirical skit; a
         puppet show using historical Aztec figures; an excerpt from a full length play which it
         performs at universities in the Southwest; and an ancient ceremony of rebirth performed at
         dawn in Mendocino Cemetery in Fresno, California. NET Playhouse #190 -- "El Teatro
         Campesino" is a National Educational Television production, with portions produced by
         station KQED, San Francisco and other portions produced through the facilities of station
         KCET, Los Angeles. Producer: Janet Sternberg and Victoria Hochberg Executive producer: Jac
         Venza Description #2 "El Teatro Campesino" -- the theater of the farmworkers -- came into
         being during a period of trial, La Huelga -- the strike of the migrant farmworkers against
         the California grape growers. But soon, those who wrote the songs and the plays for the
         theater realized they were dealing with something that went beyond the immediate concerns
         of the strike. "We knew we had to separate from 'la huelga' ... so that we could develop as
         a unit, an organization of our own," recalled Luis Valdez, director, poet and playwright of
         "El Teatro." The story of the development of a theater of social conscience is told on NET
         Playhouse. Teatro tells its own story eloquently, through the "actos" or short, satirical
         skits, through songs, such as "The Ballad of Richard Campos," a Mexican-American killed in
         Vietnam. Did he die for a country which will do nothing for him, the ballad asks. The
         comedy in teatro is a comedy close to tears -- it expresses the realities faced by the
         Spanish-speaking American, Valdez explained. There is also pageantry and a proud past as
         portrayed in a puppet play about Montezuma. Sometimes in the "actos" the humor is broad
         satire. The program includes, for example, "Los Venidos" or "Used Mexican Lot" in which an
         "Anglo" woman comes to a "used-car lot" where the description of each model matches
         stereotypes of Mexican-Americans. Valdez related how in the earliest days of El Teatro,
         actos were performed on the picket line; it was guerilla theater in that the performances
         were reactions to the grape growers -- ridiculing their audience which was composed of the
         very men they opposed. Over the five years of its existence, El Teatro has become more
         complex in terms of costumes, makeup, rehearsal and, above all, subject matter. Speaking of
         the theater's development in comparison with the earliest days, Luis Valdez said, "You
         can't just come into someplace, set up in two minutes, wham, do it and then get out of
         there before the police arrive. And so we've had to sacrifice, at points, a certain
         immediacy." The new Teatro productions characterize the history of "la raze" -- the
         Spanish-American race -- as well as problems of discrimination and exploitation. The
         program includes songs of identity, such as "I Am A Chicano (Mexican-American)" and
         political songs such as "Che." In 1966 El Teatro Campesino began performing across the
         nation. They even gave a performance before the Senate Subcommittee on Migratory Labor. San
         Francisco Chronicle columnist Ralph J. Gleason called the troupe's performance "vital,
         earthy and vividly alive theater ... an impressive demonstration of what can be done when
         men work together in a common cause."</marc:subfield>
      </marc:datafield>
      <marc:datafield tag="337" ind1=" " ind2=" ">
         <marc:subfield code="a">Moving Image</marc:subfield>
         <marc:subfield code="2">MAVIS media type controlled vocabulary</marc:subfield>
      </marc:datafield>
      <marc:datafield tag="024" ind1="8" ind2=" ">
         <marc:subfield code="a">2008890</marc:subfield>
         <marc:subfield code="2">MAVIS Title Number</marc:subfield>
      </marc:datafield>
      <marc:datafield tag="024" ind1="8" ind2=" ">
         <marc:subfield code="a">NPTC</marc:subfield>
         <marc:subfield code="2">NET/PBS NOLA</marc:subfield>
      </marc:datafield>
      <marc:datafield tag="024" ind1="8" ind2=" ">
         <marc:subfield code="a">0 (PBS-1994.xls Excel spreadsheet)</marc:subfield>
         <marc:subfield code="2">NET/PBS number</marc:subfield>
      </marc:datafield>
      <marc:datafield tag="024" ind1="8" ind2=" ">
         <marc:subfield code="a">190 (NET microfiche)</marc:subfield>
         <marc:subfield code="2">NET/PBS number</marc:subfield>
      </marc:datafield>
      <marc:datafield tag="024" ind1="8" ind2=" ">
         <marc:subfield code="a">193 (NET documentary)</marc:subfield>
         <marc:subfield code="2">Episode Number</marc:subfield>
      </marc:datafield>
      <marc:datafield tag="546" ind1=" " ind2=" ">
         <marc:subfield code="a">English</marc:subfield>
      </marc:datafield>
      <marc:datafield tag="653" ind1=" " ind2=" ">
         <marc:subfield code="a">Foreign workers, Mexican</marc:subfield>
         <marc:subfield code="0">http://id.loc.gov/authorities/subjects/sh85003519</marc:subfield>
      </marc:datafield>
      <marc:datafield tag="653" ind1=" " ind2=" ">
         <marc:subfield code="a">Theatrical companies</marc:subfield>
         <marc:subfield code="0">http://id.loc.gov/authorities/subjects/sh95001188</marc:subfield>
      </marc:datafield>
      <marc:datafield tag="653" ind1=" " ind2=" ">
         <marc:subfield code="a">Mexican American theater</marc:subfield>
         <marc:subfield code="0">http://id.loc.gov/authorities/subjects/sh85084495</marc:subfield>
      </marc:datafield>
      <marc:datafield tag="245" ind1="0" ind2="0">
         <marc:subfield code="a">NET playhouse. El Teatro Campesino.</marc:subfield>
         <marc:subfield code="b">National Educational Television ; with
         portions produced by station KQED, San Francisco and other portions produced through the
         facilities of station KCET, Los Angeles ; executive producer, Jac Venza ; producers, Janet
         Sternbert, Victoria Hochberg.</marc:subfield>
      </marc:datafield>
      <marc:datafield tag="246" ind1="3" ind2="3">
         <marc:subfield code="a">El Teatro Campesino.</marc:subfield>
      </marc:datafield>
      <marc:datafield tag="246" ind1="3" ind2="3">
         <marc:subfield code="a">NET documentary 193.</marc:subfield>
      </marc:datafield>
      <marc:datafield tag="246" ind1="3" ind2="3">
         <marc:subfield code="a">NET playhouse. [No. 190], El Teatro
         Campesino.</marc:subfield>
      </marc:datafield>
      <marc:datafield tag="655" ind1=" " ind2="0">
         <marc:subfield code="a">Cultural television programs
         (lcgft)</marc:subfield>
         <marc:subfield code="0">http://id.loc.gov/authorities/genreForms/gf2011026178</marc:subfield>
      </marc:datafield>
      <marc:datafield tag="655" ind1=" " ind2="0">
         <marc:subfield code="a">Documentary television programs
         (lcgft)</marc:subfield>
         <marc:subfield code="0">http://id.loc.gov/authorities/genreForms/gf2011026207</marc:subfield>
      </marc:datafield>
      <marc:datafield tag="655" ind1=" " ind2="0">
         <marc:subfield code="a">Nonfiction television programs
         (lcgft)</marc:subfield>
         <marc:subfield code="0">http://id.loc.gov/authorities/genreForms/gf2011026425</marc:subfield>
      </marc:datafield>
   </marc:record>