
   <marc:record>
      <marc:leader>      am         3u     </marc:leader>
      <marc:datafield tag="042" ind1=" " ind2=" ">
         <marc:subfield code="a">dc</marc:subfield>
      </marc:datafield>
      <marc:datafield tag="720" ind1=" " ind2=" ">
         <marc:subfield code="a">Chater,
         Geoffrey</marc:subfield>
         <marc:subfield code="e">Cast/Actor</marc:subfield>
         <marc:subfield code="0">http://id.loc.gov/authorities/names/no2003061240</marc:subfield>
      </marc:datafield>
      <marc:datafield tag="720" ind1=" " ind2=" ">
         <marc:subfield code="a">Lloyd,
         Sue</marc:subfield>
         <marc:subfield code="e">Cast/Actor</marc:subfield>
         <marc:subfield code="0">http://id.loc.gov/authorities/names/no2010115512</marc:subfield>
      </marc:datafield>
      <marc:datafield tag="720" ind1=" " ind2=" ">
         <marc:subfield code="a">National
         Educational Television and Radio Center</marc:subfield>
         <marc:subfield code="e">Presenter</marc:subfield>
         <marc:subfield code="0">http://id.loc.gov/authorities/names/n80050382</marc:subfield>
      </marc:datafield>
      <marc:datafield tag="720" ind1=" " ind2=" ">
         <marc:subfield code="a">Hayes, Tubby.</marc:subfield>
         <marc:subfield code="e">Music Director/Music Supervision</marc:subfield>
      </marc:datafield>
      <marc:datafield tag="720" ind1=" " ind2=" ">
         <marc:subfield code="a">Dobie,
         Alan</marc:subfield>
         <marc:subfield code="e">Cast/Actor</marc:subfield>
         <marc:subfield code="0">http://id.loc.gov/authorities/names/no97004127</marc:subfield>
      </marc:datafield>
      <marc:datafield tag="720" ind1=" " ind2=" ">
         <marc:subfield code="a">de
         Souza, Edward</marc:subfield>
         <marc:subfield code="e">Cast/Actor</marc:subfield>
         <marc:subfield code="0">http://id.loc.gov/authorities/names/no2010030359</marc:subfield>
      </marc:datafield>
      <marc:datafield tag="720" ind1=" " ind2=" ">
         <marc:subfield code="a">Watson, Jack (1915-1999)</marc:subfield>
         <marc:subfield code="e">Cast/Actor</marc:subfield>
      </marc:datafield>
      <marc:datafield tag="720" ind1=" " ind2=" ">
         <marc:subfield code="a">Bell,
         Ann, 1939-</marc:subfield>
         <marc:subfield code="e">Cast/Actor</marc:subfield>
         <marc:subfield code="0">http://id.loc.gov/authorities/names/n85812437</marc:subfield>
      </marc:datafield>
      <marc:datafield tag="720" ind1=" " ind2=" ">
         <marc:subfield code="a">Diss,
         Eileen</marc:subfield>
         <marc:subfield code="e">Designer</marc:subfield>
         <marc:subfield code="0">http://id.loc.gov/authorities/names/n87860192</marc:subfield>
      </marc:datafield>
      <marc:datafield tag="720" ind1=" " ind2=" ">
         <marc:subfield code="a">Lodge, Bernard</marc:subfield>
         <marc:subfield code="e">Undetermined</marc:subfield>
      </marc:datafield>
      <marc:datafield tag="720" ind1=" " ind2=" ">
         <marc:subfield code="a">May,
         Jack, 1922-1997</marc:subfield>
         <marc:subfield code="e">Cast/Actor</marc:subfield>
         <marc:subfield code="0">http://id.loc.gov/authorities/names/nr2001000443</marc:subfield>
      </marc:datafield>
      <marc:datafield tag="720" ind1=" " ind2=" ">
         <marc:subfield code="a">Gifford, Wendy</marc:subfield>
         <marc:subfield code="e">Cast/Actor</marc:subfield>
      </marc:datafield>
      <marc:datafield tag="720" ind1=" " ind2=" ">
         <marc:subfield code="a">Ross,
         Annie</marc:subfield>
         <marc:subfield code="e">Cast/Actor</marc:subfield>
         <marc:subfield code="0">http://id.loc.gov/authorities/names/no99072479</marc:subfield>
      </marc:datafield>
      <marc:datafield tag="720" ind1=" " ind2=" ">
         <marc:subfield code="a">British Broadcasting Corporation</marc:subfield>
         <marc:subfield code="e">Production Company</marc:subfield>
         <marc:subfield code="0">http://id.loc.gov/authorities/names/n79074359</marc:subfield>
      </marc:datafield>
      <marc:datafield tag="720" ind1=" " ind2=" ">
         <marc:subfield code="a">Hayes,
         Michael, 1929-2014</marc:subfield>
         <marc:subfield code="e">Director</marc:subfield>
         <marc:subfield code="0">http://id.loc.gov/authorities/names/no2009186489</marc:subfield>
      </marc:datafield>
      <marc:datafield tag="720" ind1=" " ind2=" ">
         <marc:subfield code="a">Chessid, Kay</marc:subfield>
         <marc:subfield code="e">Producer</marc:subfield>
      </marc:datafield>
      <marc:datafield tag="720" ind1=" " ind2=" ">
         <marc:subfield code="a">Luke,
         Peter</marc:subfield>
         <marc:subfield code="e">Producer</marc:subfield>
         <marc:subfield code="0">http://id.loc.gov/authorities/names/n50039174</marc:subfield>
      </marc:datafield>
      <marc:datafield tag="260" ind1=" " ind2=" ">
         <marc:subfield code="c">1969-5-29</marc:subfield>
      </marc:datafield>
      <marc:datafield tag="520" ind1=" " ind2=" ">
         <marc:subfield code="a">From NET microfiche: During the dark ages following the death of classical
         civilization, there was no drama, as such, in Europe. But by the 14th and early 15th
         centuries, mainly as a kind of elaboration or by-product of church ritual, there began a
         revival of play performance. The most popular form of medieval play was the mystery or
         miracle play, based exclusively on biblical themes. Toward the end of the 15th century,
         however, a new dramatic form began to take hold of the popular imagination, the morality
         play, an allegorical piece in which personified virtues and vices grappled for the soul of
         man. The most famous of these medieval morality plays, "Everyman," has no known author,
         although it is believed to have been the "Elckerlijk," written by a Dutch monk, Peter
         Dorlandus, sometime in the 15th century and to have been translated almost immediately into
         English. The play was originally performed, sometimes as part of the Lent observances, on a
         farm wagon parked outside the village church. The actors all wore the normal dress of the
         period and locality , and the characters, all symbolic, were related to familiar, everyday
         figures. In keeping with tradition, this television production is in modern dress and the
         characters have equally modern guises ("Five-Wits" is a card shark; "Discretion" is a
         lawyer; and "Death" variously a beggar, barman and manservant). The language, however, is
         still that of the 15th century. In a series of simple scenes, the play tells the story of
         man's journey through life with Death attending him at every step, and how he triumphs over
         evil, weakness, and vanity to attain salvation when Death finally claims him. When God
         calls Death and orders him to take Everyman, Everyman seeks someone to accompany him to the
         grave. He turns to Fellowship, Kindred, Cousin, and Goods but is rejected by each. At first
         it appears that Knowledge, Confession, Discretion, Strength, Beauty or Five-Wits may agree
         to go with him, but all forsake him on the last journey. Only Good-Deeds is prepared to
         enter the grave with Everyman and help him to salvation. Alan Dobie, as Everyman, heads the
         large cast which includes: Fellowship -- Edward de Souza Kindred -- Geoffrey Chater
         Knowledge -- Wendy Gifford Strength -- Jack Watson Beauty -- Sue Lloyd Good-Deeds -- Ann
         Bell Voice of God -- Jack May Voice of the Angel -- Annie Ross NET Playhouse -- "Everyman"
         is a National Educational Television presentation, produced for the British Broadcasting
         Corporation by Peter Luke, directed by Michael Hayes. Music by Tubby Hayes, photo montage
         by Bernard Lodge, and design by Eileen Diss. Producer for NET: Kay
         Chessid.</marc:subfield>
      </marc:datafield>
      <marc:datafield tag="024" ind1="8" ind2=" ">
         <marc:subfield code="a">2437521</marc:subfield>
         <marc:subfield code="2">MAVIS Title Number</marc:subfield>
      </marc:datafield>
      <marc:datafield tag="024" ind1="8" ind2=" ">
         <marc:subfield code="a">NPEV</marc:subfield>
         <marc:subfield code="2">NET/PBS NOLA</marc:subfield>
      </marc:datafield>
      <marc:datafield tag="024" ind1="8" ind2=" ">
         <marc:subfield code="a">0 (PBS-1994.xls Excel spreadsheet)</marc:subfield>
         <marc:subfield code="2">NET/PBS number</marc:subfield>
      </marc:datafield>
      <marc:datafield tag="024" ind1="8" ind2=" ">
         <marc:subfield code="a">139 (NET microfiche)</marc:subfield>
         <marc:subfield code="2">NET/PBS number</marc:subfield>
      </marc:datafield>
      <marc:datafield tag="653" ind1=" " ind2=" ">
         <marc:subfield code="a">Mysteries and miracle-plays</marc:subfield>
         <marc:subfield code="0">http://id.loc.gov/authorities/subjects/sh85089331</marc:subfield>
      </marc:datafield>
      <marc:datafield tag="245" ind1="0" ind2="0">
         <marc:subfield code="a">NET playhouse. Everyman.</marc:subfield>
         <marc:subfield code="b">Produced for the British Broadcasting
         Corporation by Peter Luke ; National Educational Television ; director, Michael Hayes ;
         producer for NET, Kay Chessid.</marc:subfield>
      </marc:datafield>
      <marc:datafield tag="246" ind1="3" ind2="3">
         <marc:subfield code="a">Everyman.</marc:subfield>
      </marc:datafield>
      <marc:datafield tag="246" ind1="3" ind2="3">
         <marc:subfield code="a">NET playhouse. [No. 139], Everyman.</marc:subfield>
      </marc:datafield>
      <marc:datafield tag="655" ind1=" " ind2="0">
         <marc:subfield code="a">Television adaptations
         (lcgft)</marc:subfield>
         <marc:subfield code="0">http://id.loc.gov/authorities/genreForms/gf2011026653\n</marc:subfield>
      </marc:datafield>
      <marc:datafield tag="655" ind1=" " ind2="0">
         <marc:subfield code="a">Fiction television programs
         (lcgft)</marc:subfield>
         <marc:subfield code="0">http://id.loc.gov/authorities/genreForms/gf2011026252\n</marc:subfield>
      </marc:datafield>
   </marc:record>