
   <marc:record>
      <marc:leader>      am         3u     </marc:leader>
      <marc:datafield tag="042" ind1=" " ind2=" ">
         <marc:subfield code="a">dc</marc:subfield>
      </marc:datafield>
      <marc:datafield tag="520" ind1=" " ind2=" ">
         <marc:subfield code="a">See contents tab for content descriptions of segments.</marc:subfield>
      </marc:datafield>
      <marc:datafield tag="337" ind1=" " ind2=" ">
         <marc:subfield code="a">Moving Image</marc:subfield>
         <marc:subfield code="2">MAVIS media type controlled vocabulary</marc:subfield>
      </marc:datafield>
      <marc:datafield tag="024" ind1="8" ind2=" ">
         <marc:subfield code="a">1654755</marc:subfield>
         <marc:subfield code="2">MAVIS Title Number</marc:subfield>
      </marc:datafield>
      <marc:datafield tag="024" ind1="8" ind2=" ">
         <marc:subfield code="a">NPEV</marc:subfield>
         <marc:subfield code="2">NET/PBS NOLA</marc:subfield>
      </marc:datafield>
      <marc:datafield tag="024" ind1="8" ind2=" ">
         <marc:subfield code="a">0</marc:subfield>
         <marc:subfield code="2">NET/PBS number</marc:subfield>
      </marc:datafield>
      <marc:datafield tag="546" ind1=" " ind2=" ">
         <marc:subfield code="a">English</marc:subfield>
      </marc:datafield>
      <marc:datafield tag="787" ind1="0" ind2=" ">
         <marc:subfield code="w">2437521</marc:subfield>
         <marc:subfield code="n">MAVIS id number</marc:subfield>
         <marc:subfield code="m">Content 1</marc:subfield>
      </marc:datafield>
      <marc:datafield tag="787" ind1="0" ind2=" ">
         <marc:subfield code="w">2437525</marc:subfield>
         <marc:subfield code="n">MAVIS id number</marc:subfield>
         <marc:subfield code="m">Content 2</marc:subfield>
      </marc:datafield>
      <marc:datafield tag="245" ind1="0" ind2="0">
         <marc:subfield code="a">[NET playhouse. Everyman. ; The film
         makers].</marc:subfield>
      </marc:datafield>
      <marc:datafield tag="246" ind1="3" ind2="3">
         <marc:subfield code="a">Festival. [1964-05-20],
         Everyman.</marc:subfield>
      </marc:datafield>
   </marc:record>