
   <marc:record>
      <marc:leader>      am         3u     </marc:leader>
      <marc:datafield tag="042" ind1=" " ind2=" ">
         <marc:subfield code="a">dc</marc:subfield>
      </marc:datafield>
      <marc:datafield tag="720" ind1=" " ind2=" ">
         <marc:subfield code="a">National
         Educational Television and Radio Center</marc:subfield>
         <marc:subfield code="e">Presenter</marc:subfield>
         <marc:subfield code="0">http://id.loc.gov/authorities/names/n80050382</marc:subfield>
      </marc:datafield>
      <marc:datafield tag="720" ind1=" " ind2=" ">
         <marc:subfield code="a">Hoffman,
         David (David Michael), 1941-</marc:subfield>
         <marc:subfield code="e">Director</marc:subfield>
         <marc:subfield code="0">http://id.loc.gov/authorities/names/n95037817</marc:subfield>
      </marc:datafield>
      <marc:datafield tag="720" ind1=" " ind2=" ">
         <marc:subfield code="a">Amram Nowak Associates</marc:subfield>
         <marc:subfield code="e">Production Company</marc:subfield>
         <marc:subfield code="0">http://id.loc.gov/authorities/names/n50039399</marc:subfield>
      </marc:datafield>
      <marc:datafield tag="260" ind1=" " ind2=" ">
         <marc:subfield code="c">1969-5-29</marc:subfield>
      </marc:datafield>
      <marc:datafield tag="520" ind1=" " ind2=" ">
         <marc:subfield code="a">From NET microfiche: NET Playhouse #139: Everyman (Filler information) The
         filler material for NET Playhouse #139 ("Everyman") is a black and white documentary,
         running a little over 22 minutes, entitled "Young Filmmakers," by David Hoffman. Hoffman is
         himself a young filmmaker and is co-director of the feature film "King, Murray," which just
         completed a run at The Little Carnegie theatre in mid-Manhattan. The film revolves around a
         conference, given by Fordham University in February 1968, on the new generation of
         filmmakers, ranging in age from a five-year-old girl to highly articulate teenagers. (One
         of the teenagers is interviewed on camera and excerpts shown from his modernized version of
         "Macbeth.") The film also contains an experiment which grew out of the conference involving
         two groups of teenagers, one group from a Philadelphia private school and one group from
         New York's Lower East Side. Each group was given the same equipment, the same amount of
         film, the same time and the same location (the interior of a film production company) and
         asked to make a one-minute film. The results of this experiment are included together with
         a "bull session" between the two groups. What emerged from the private school group was a
         rather formal, abstract statement starting form the idea of the function of a film
         production company, shots of editing, equipment, etc. The group from the Lower East Side
         made a plotted melodrama, a kind of gangster film, responding, they said, to the big
         office, the kind of office none of them thought they would ever have. The premise of the
         film is to show that this generation of kids is being given a new tool -- the movies --
         with which to perceive their world, and to illustrate how they are making free and
         articulate statements with that tool.</marc:subfield>
      </marc:datafield>
      <marc:datafield tag="024" ind1="8" ind2=" ">
         <marc:subfield code="a">2437525</marc:subfield>
         <marc:subfield code="2">MAVIS Title Number</marc:subfield>
      </marc:datafield>
      <marc:datafield tag="653" ind1=" " ind2=" ">
         <marc:subfield code="a">Motion picture producers and
         directors</marc:subfield>
         <marc:subfield code="0">http://id.loc.gov/authorities/subjects/sh85088067</marc:subfield>
      </marc:datafield>
      <marc:datafield tag="653" ind1=" " ind2=" ">
         <marc:subfield code="a">Motion pictures--Production and
         direction</marc:subfield>
         <marc:subfield code="0">http://id.loc.gov/authorities/subjects/sh85088104</marc:subfield>
      </marc:datafield>
      <marc:datafield tag="653" ind1=" " ind2=" ">
         <marc:subfield code="a">Motion picture authorship</marc:subfield>
         <marc:subfield code="0">http://id.loc.gov/authorities/subjects/sh85088030</marc:subfield>
      </marc:datafield>
      <marc:datafield tag="245" ind1="0" ind2="0">
         <marc:subfield code="a">The film makers.</marc:subfield>
         <marc:subfield code="b">Amram Nowak Associates ; NET presents ; by
         David Hoffman.</marc:subfield>
      </marc:datafield>
      <marc:datafield tag="655" ind1=" " ind2="0">
         <marc:subfield code="a">Documentary television programs
         (lcgft)</marc:subfield>
         <marc:subfield code="0">http://id.loc.gov/authorities/genreForms/gf2011026207</marc:subfield>
      </marc:datafield>
      <marc:datafield tag="655" ind1=" " ind2="0">
         <marc:subfield code="a">Nonfiction television programs
         (lcgft)</marc:subfield>
         <marc:subfield code="0">http://id.loc.gov/authorities/genreForms/gf2011026425</marc:subfield>
      </marc:datafield>
      <marc:datafield tag="655" ind1=" " ind2="0">
         <marc:subfield code="a">Short films (lcgft)</marc:subfield>
         <marc:subfield code="0">http://id.loc.gov/authorities/genreForms/gf2011026570</marc:subfield>
      </marc:datafield>
   </marc:record>