
   <marc:record>
      <marc:leader>      am         3u     </marc:leader>
      <marc:datafield tag="042" ind1=" " ind2=" ">
         <marc:subfield code="a">dc</marc:subfield>
      </marc:datafield>
      <marc:datafield tag="720" ind1=" " ind2=" ">
         <marc:subfield code="a">National
         Educational Television and Radio Center</marc:subfield>
         <marc:subfield code="e">Presenter</marc:subfield>
         <marc:subfield code="0">http://id.loc.gov/authorities/names/n80050382</marc:subfield>
      </marc:datafield>
      <marc:datafield tag="720" ind1=" " ind2=" ">
         <marc:subfield code="a">National Educational Television and Radio Center</marc:subfield>
         <marc:subfield code="e">Broadcaster</marc:subfield>
         <marc:subfield code="0">http://id.loc.gov/authorities/names/n80050382</marc:subfield>
      </marc:datafield>
      <marc:datafield tag="720" ind1=" " ind2=" ">
         <marc:subfield code="a">Jordan,
         Glenn</marc:subfield>
         <marc:subfield code="e">Director</marc:subfield>
         <marc:subfield code="0">http://id.loc.gov/authorities/names/n85378448</marc:subfield>
      </marc:datafield>
      <marc:datafield tag="720" ind1=" " ind2=" ">
         <marc:subfield code="a">Jordan,
         Glenn</marc:subfield>
         <marc:subfield code="e">Producer</marc:subfield>
         <marc:subfield code="0">http://id.loc.gov/authorities/names/n85378448</marc:subfield>
      </marc:datafield>
      <marc:datafield tag="720" ind1=" " ind2=" ">
         <marc:subfield code="a">WNET (Television station : New York, N.Y.)</marc:subfield>
         <marc:subfield code="e">Production Company</marc:subfield>
         <marc:subfield code="0">http://id.loc.gov/authorities/names/n80014556</marc:subfield>
      </marc:datafield>
      <marc:datafield tag="720" ind1=" " ind2=" ">
         <marc:subfield code="a">Venza, Jac</marc:subfield>
         <marc:subfield code="e">Executive Producer</marc:subfield>
         <marc:subfield code="0">http://id.loc.gov/authorities/names/no93017967</marc:subfield>
      </marc:datafield>
      <marc:datafield tag="260" ind1=" " ind2=" ">
         <marc:subfield code="c">1970-11-26</marc:subfield>
      </marc:datafield>
      <marc:datafield tag="520" ind1=" " ind2=" ">
         <marc:subfield code="a">From NET microfiche, file F: Program Description: A group of modern-day
         playwrights, including Israel Horovtiz and Megan Terry, express their feelings about
         pollution in a collection of brief plays collectively titled "Foul!" In addition, Playhouse
         #215 presents "Actor's Choice: Lewis Carroll," featuring Gwen Verdon and Cyril Ritchard
         reading selections from Carroll's works. The 10 plays comprising "Foul!", none of which is
         more than several minutes long, are in order of performance: "Take a Deep Breathe" by
         Jean-Claude van Itallie, "Tsk" by Anne Burr, "Kissing Sweet" by John Guare, "The Most
         Beautiful Fish" by Ronald Ribman, "One More Little Drinkie" by Megan Terry, "Stoop" by
         Lanford Wilson, "Promontory Point Revisited" by Arthur Kopit, "Puck! Puck! Puck!" by
         Leonard Melfi, "Paly for Trees" by Israel Horovitz, and "Last Gasps" by Terrence McNally.
         Best known among the cast are Charlotte Rae, Sam Waterston, Frances Sternhagen and Barbara
         Cason. "Actor's Choice: Lewis Carroll" is from a series of half-hour programs titled
         "Actor's Choice" and produced by Channel 13 in New York. Hal Holbrook is host for the
         series. In the Lewis Carroll program Ritchard and Miss Verdon read "The Hunting of the
         Snark," "Jabberwocky" and selection from "Alice in Wonderland." Suggested Newspaper
         Listing: "Foul!" - Brief plays by Israel Horovitz, Megan Terry, and others depicting the
         comic and not-so-comic aspects of the ways in which we destroy our environment. Followed by
         Gwen Verdon and Cryil Ritchard reading selections by Lewis Carroll. NET Playhouse #215 is a
         presentation of NET. "Foul!" was produced by the New York Television Theatre at Channel 13.
         Both productions produced and directed by Glenn Jordan. Script for "Actor's Choice: Lewis
         Carroll" by David Novak. NET Playhouse executive producer: Jac Venza [Detailed descriptions
         for both segments in contents tab title records]</marc:subfield>
      </marc:datafield>
      <marc:datafield tag="337" ind1=" " ind2=" ">
         <marc:subfield code="a">Moving Image</marc:subfield>
         <marc:subfield code="2">MAVIS media type controlled vocabulary</marc:subfield>
      </marc:datafield>
      <marc:datafield tag="024" ind1="8" ind2=" ">
         <marc:subfield code="a">2308217</marc:subfield>
         <marc:subfield code="2">MAVIS Title Number</marc:subfield>
      </marc:datafield>
      <marc:datafield tag="024" ind1="8" ind2=" ">
         <marc:subfield code="a">NPTV</marc:subfield>
         <marc:subfield code="2">NET/PBS NOLA</marc:subfield>
      </marc:datafield>
      <marc:datafield tag="024" ind1="8" ind2=" ">
         <marc:subfield code="a">215 [NET microfiche)</marc:subfield>
         <marc:subfield code="2">NET/PBS number</marc:subfield>
      </marc:datafield>
      <marc:datafield tag="024" ind1="8" ind2=" ">
         <marc:subfield code="a">0 (PBS-1994.xls Excel spreadsheet)</marc:subfield>
         <marc:subfield code="2">NET/PBS number</marc:subfield>
      </marc:datafield>
      <marc:datafield tag="546" ind1=" " ind2=" ">
         <marc:subfield code="a">English</marc:subfield>
      </marc:datafield>
      <marc:datafield tag="787" ind1="0" ind2=" ">
         <marc:subfield code="w">2086861</marc:subfield>
         <marc:subfield code="n">MAVIS id number</marc:subfield>
         <marc:subfield code="m">Content 1</marc:subfield>
      </marc:datafield>
      <marc:datafield tag="787" ind1="0" ind2=" ">
         <marc:subfield code="w">2328782</marc:subfield>
         <marc:subfield code="n">MAVIS id number</marc:subfield>
         <marc:subfield code="m">Content 2</marc:subfield>
      </marc:datafield>
      <marc:datafield tag="245" ind1="0" ind2="0">
         <marc:subfield code="a">[NET playhouse. Foul! ; Actors' choice. Lewis
         Carrol].</marc:subfield>
         <marc:subfield code="b">New York Television Theatre at Channel 13
         [WNET] ; presentation of NET ; producer-director, Glenn Jordan ; NET playhouse executive
         producer, Jac Venza.</marc:subfield>
      </marc:datafield>
      <marc:datafield tag="246" ind1="3" ind2="3">
         <marc:subfield code="a">NY TV theatre: Foul and actor's
         choice: Lewis Carrol.</marc:subfield>
      </marc:datafield>
      <marc:datafield tag="246" ind1="3" ind2="3">
         <marc:subfield code="a">New York Television theater. Foul and actor's choice:
         Lewis Carroll.</marc:subfield>
      </marc:datafield>
      <marc:datafield tag="246" ind1="3" ind2="3">
         <marc:subfield code="a">NET playhouse. [No. 215].</marc:subfield>
      </marc:datafield>
      <marc:datafield tag="246" ind1="3" ind2="3">
         <marc:subfield code="a">New York television theatre: Foul and actor's choice:
         Lewis Carroll.</marc:subfield>
      </marc:datafield>
      <marc:datafield tag="655" ind1=" " ind2="0">
         <marc:subfield code="a">Anthology television programs
         (lcgft)</marc:subfield>
         <marc:subfield code="0">http://id.loc.gov/authorities/genreForms/gf2011026052</marc:subfield>
      </marc:datafield>
      <marc:datafield tag="655" ind1=" " ind2="0">
         <marc:subfield code="a">Fiction television programs
         (lcgft)</marc:subfield>
         <marc:subfield code="0">http://id.loc.gov/authorities/genreForms/gf2011026252\n</marc:subfield>
      </marc:datafield>
   </marc:record>