
   <marc:record>
      <marc:leader>      am         3u     </marc:leader>
      <marc:datafield tag="042" ind1=" " ind2=" ">
         <marc:subfield code="a">dc</marc:subfield>
      </marc:datafield>
      <marc:datafield tag="720" ind1=" " ind2=" ">
         <marc:subfield code="a">Schuck,
         John</marc:subfield>
         <marc:subfield code="e">Cast/Actor</marc:subfield>
         <marc:subfield code="0">http://id.loc.gov/authorities/names/nr98008530</marc:subfield>
      </marc:datafield>
      <marc:datafield tag="720" ind1=" " ind2=" ">
         <marc:subfield code="a">National Educational Television and Radio Center</marc:subfield>
         <marc:subfield code="e">Broadcaster</marc:subfield>
         <marc:subfield code="0">http://id.loc.gov/authorities/names/n80050382</marc:subfield>
      </marc:datafield>
      <marc:datafield tag="720" ind1=" " ind2=" ">
         <marc:subfield code="a">Dukes,
         David</marc:subfield>
         <marc:subfield code="e">Cast/Actor</marc:subfield>
         <marc:subfield code="0">http://id.loc.gov/authorities/names/n84007691</marc:subfield>
      </marc:datafield>
      <marc:datafield tag="720" ind1=" " ind2=" ">
         <marc:subfield code="a">Learned, Michael</marc:subfield>
         <marc:subfield code="e">Cast/Actor</marc:subfield>
         <marc:subfield code="0">http://id.loc.gov/authorities/names/n84229131</marc:subfield>
      </marc:datafield>
      <marc:datafield tag="720" ind1=" " ind2=" ">
         <marc:subfield code="a">Winn,
         Kitty</marc:subfield>
         <marc:subfield code="e">Cast/Actor</marc:subfield>
         <marc:subfield code="0">http://id.loc.gov/authorities/names/n85322449</marc:subfield>
      </marc:datafield>
      <marc:datafield tag="720" ind1=" " ind2=" ">
         <marc:subfield code="a">Loxton, David R.</marc:subfield>
         <marc:subfield code="e">Associate Producer</marc:subfield>
         <marc:subfield code="0">http://id.loc.gov/authorities/names/no93020618</marc:subfield>
      </marc:datafield>
      <marc:datafield tag="720" ind1=" " ind2=" ">
         <marc:subfield code="a">Barcone, Eugene</marc:subfield>
         <marc:subfield code="e">Staged By/Choreographer</marc:subfield>
         <marc:subfield code="0">http://id.loc.gov/authorities/names/n2009055794</marc:subfield>
      </marc:datafield>
      <marc:datafield tag="720" ind1=" " ind2=" ">
         <marc:subfield code="a">Wurtzel,
         Stuart</marc:subfield>
         <marc:subfield code="e">Designer</marc:subfield>
         <marc:subfield code="0">http://id.loc.gov/authorities/names/n97877247</marc:subfield>
      </marc:datafield>
      <marc:datafield tag="720" ind1=" " ind2=" ">
         <marc:subfield code="a">American Conservatory Theater</marc:subfield>
         <marc:subfield code="e">Undetermined</marc:subfield>
         <marc:subfield code="0">http://id.loc.gov/authorities/names/n84224736</marc:subfield>
      </marc:datafield>
      <marc:datafield tag="720" ind1=" " ind2=" ">
         <marc:subfield code="a">Bramhall, Mark</marc:subfield>
         <marc:subfield code="e">Cast/Actor</marc:subfield>
         <marc:subfield code="0">http://id.loc.gov/authorities/names/no2008105411</marc:subfield>
      </marc:datafield>
      <marc:datafield tag="720" ind1=" " ind2=" ">
         <marc:subfield code="a">Sherin, Edwin</marc:subfield>
         <marc:subfield code="e">Author/Based on</marc:subfield>
         <marc:subfield code="0">http://id.loc.gov/authorities/names/no99012438</marc:subfield>
      </marc:datafield>
      <marc:datafield tag="720" ind1=" " ind2=" ">
         <marc:subfield code="a">Barlow, Anna
         Marie</marc:subfield>
         <marc:subfield code="e">Writer</marc:subfield>
         <marc:subfield code="0">http://id.loc.gov/authorities/names/no2008132210</marc:subfield>
      </marc:datafield>
      <marc:datafield tag="720" ind1=" " ind2=" ">
         <marc:subfield code="a">National Educational Television and Radio Center</marc:subfield>
         <marc:subfield code="e">Production Company</marc:subfield>
         <marc:subfield code="0">http://id.loc.gov/authorities/names/n80050382</marc:subfield>
      </marc:datafield>
      <marc:datafield tag="720" ind1=" " ind2=" ">
         <marc:subfield code="a">Venza,
         Jac</marc:subfield>
         <marc:subfield code="e">Producer</marc:subfield>
         <marc:subfield code="0">http://id.loc.gov/authorities/names/no93017967</marc:subfield>
      </marc:datafield>
      <marc:datafield tag="720" ind1=" " ind2=" ">
         <marc:subfield code="a">Johnson,
         Sterling</marc:subfield>
         <marc:subfield code="e">Director</marc:subfield>
         <marc:subfield code="0">http://id.loc.gov/authorities/names/n85199284</marc:subfield>
      </marc:datafield>
      <marc:datafield tag="260" ind1=" " ind2=" ">
         <marc:subfield code="c">1969-10-30</marc:subfield>
      </marc:datafield>
      <marc:datafield tag="520" ind1=" " ind2=" ">
         <marc:subfield code="a">From NET microfiche, file G: General Description of Series: Described by its
         author as "a parable play,' "Glory! Hallelujah!" explores, in highly theatrical terms, the
         nature of war and its effect on people. The central characters are members of a Louisiana
         family named Bowden, who are deeply involved in the conflict between the states. The
         American Conservatory Theatre (ACT) assembled a cast of nearly 50 actors to appear in the
         27 scenes of the play, providing a Kaleidoscopic contrast between the grim realities of the
         battlefields with the romantic view of the war held by those back home. The world premiere
         of "Glory! Hallelujah!" took place on May 28, 1969 at the Geary Theatre in San Francisco,
         the home base of the ACT. The play was staged by Edwin Sherin, director of the Broadway hit
         "The Great White Hope," winner of the New York Drama Critics Circle Award, the Pulitzer
         Prize, and three Tony Awards. Mr. Sherin is currently at work directing his first film,
         "Valdez is Coming," a big-budget Western Starring Burt Lancaster. The Play in Brief: The
         entire action of Act I takes place on July 21, 1861, the date of the first battle of Bull
         Run, shifting back and forth between scenes at the battlefield in Virginia, at a home in
         rural Louisiana on the Mississippi River, and at the Bowden home in New Orleans. Soldiers
         at the front prepare for war. Among them are Sli (Sligo) Bowden, scion of the New Orleans
         family, and his comrades-at-arms, Chewey, Thibaut, Preacher, Hugo and Allen. At home in New
         Orleans, his sister Nantalle is being wooed by George Blanchard, soon to become a surgeon
         in the Confederate Army. Sli fires a shot at a buzzard and brings fire on the entire
         Southern contingent from the nearby northern troops. Two years later. The action during
         this act shifts between the Bowden home and the battlefields at Cashtown and Gettysburg in
         Pennsylvania, George Blanchard has gone to war. Young Clayton Bowden runs off to war, even
         though he is under age, leaving behind his younger brother, Salt, his sister, Nantelle, his
         mother, Margaret, and his uncle, Will. At Gettysburg, preacher loses a leg. Clayton never
         gets to join the Army but dies on the way. Nearby, unknown to either of them, his brother
         Sli, also lies wounded. George, who now heads the field hospital at Gettysburg, amputates
         Sli's leg (off camera). During the confederate retreat from Gettysburg, George is compelled
         to evacuate his hospital. Four months later: New Orleans. George and Nantelle have just
         been married. Sli is home for the wedding. There is talk that some Southerners are selling
         cotton to the north. Sli returns to the front, although he is an amputee and is killed a
         year later at Petersburg. His comrades continue fighting. Nantelle has a baby. George must
         evacuate his field hospital, once more, for retreat. During the evacuation, he is killed in
         a struggle with a northern soldier. Salt discovers that his mother's suitor, Mr.
         Fredericks, has been delivering cotton to the enemy and murders him. News of the South's
         surrender comes to the soldiers in the field. General Lee bids farewell to his defeated
         troops and back in New Orleans, what is left of the Bowden family joins in welcoming home
         the shattered remnants of the Confederate Army. About the Author: A.M. Barlow was born in
         New Mexico, spent the first eight years of their life in Stockton, CA, and then moved with
         her family to Shreveport, Louisiana. She is a graduate of Louisiana State University where
         she studied both drama and journalism. Working as an actress before turning to playwriting,
         Ms. Barlow appeared in such Broadway productions as "Festival" with Betty Field, and 'Top
         man," with Ralph meeker. In addition to "Glory! Hallelujah!" she has written seventeen
         one-act plays, several of which have been performed in New York and in theaters throughout
         the nation. Her first full-length play, "Cold Christmas," was presented by the late Margo
         Jones at the Dallas Theatre Center, at the university ofDelaware and later on nationwide
         television. Ms. Barlow and her husband, advertising executive S. Brooke White, with their
         two daughters, live in New York City. She is a winner of the John Golden Playwriting Award
         and is a member of the new Dramatists Committee. About the Company: The American
         Conservatory Theatre (ACT) was founded in 1965 in Pittsburgh, by William Ball, the General
         Director of the Company. From the beginning it has emphasized a training program in
         connection with performance which has resulted in one of the finest ensemble repertory
         groups in the country. The company settled in San Francisco in 1966and has since become a
         San Francisco institution which, in three years, has made a great cultural and economic
         impact in the entire Bay Area. The diversity and range of the ACT repertory requires
         artistic versatility and skill in many different performance styles. In addition, the large
         repertory provides unparalleled opportunity for actors in the company to make practical use
         of the methods and techniques learned in each performer's daily training sessions.
         Suggested Newspaper Listing: NET Playhouse-"Glory! Hallelujah!" - from San Francisco, the
         American Conservatory Theatre production of a new Civil Was drama contrasting the grim
         realities of the battlefield with the romantic view of the war held by those back
         home.</marc:subfield>
      </marc:datafield>
      <marc:datafield tag="337" ind1=" " ind2=" ">
         <marc:subfield code="a">Moving Image</marc:subfield>
         <marc:subfield code="2">MAVIS media type controlled vocabulary</marc:subfield>
      </marc:datafield>
      <marc:datafield tag="024" ind1="8" ind2=" ">
         <marc:subfield code="a">2333369</marc:subfield>
         <marc:subfield code="2">MAVIS Title Number</marc:subfield>
      </marc:datafield>
      <marc:datafield tag="024" ind1="8" ind2=" ">
         <marc:subfield code="a">NPGH</marc:subfield>
         <marc:subfield code="2">NET/PBS NOLA</marc:subfield>
      </marc:datafield>
      <marc:datafield tag="024" ind1="8" ind2=" ">
         <marc:subfield code="a">0</marc:subfield>
         <marc:subfield code="2">NET/PBS number</marc:subfield>
      </marc:datafield>
      <marc:datafield tag="024" ind1="8" ind2=" ">
         <marc:subfield code="a">161?</marc:subfield>
         <marc:subfield code="2">NET/PBS number</marc:subfield>
      </marc:datafield>
      <marc:datafield tag="546" ind1=" " ind2=" ">
         <marc:subfield code="a">English</marc:subfield>
      </marc:datafield>
      <marc:datafield tag="653" ind1=" " ind2=" ">
         <marc:subfield code="a">Drama--20th century</marc:subfield>
         <marc:subfield code="0">http://id.loc.gov/authorities/subjects/sh85039321</marc:subfield>
      </marc:datafield>
      <marc:datafield tag="245" ind1="0" ind2="0">
         <marc:subfield code="a">NET playhouse. Glory! Hallelujah!</marc:subfield>
         <marc:subfield code="b">NET, KQED ; producer, Jac Venza ; associate
         producer, David Loxton ; adapted for the television camera by director Sterling Johnson
         with Eugene Barcone, associate stage director ; writer, A. M. Barlow.</marc:subfield>
      </marc:datafield>
      <marc:datafield tag="246" ind1="3" ind2="3">
         <marc:subfield code="a">Glory! Hallelujah!</marc:subfield>
      </marc:datafield>
      <marc:datafield tag="246" ind1="3" ind2="3">
         <marc:subfield code="a">Hallelujah!</marc:subfield>
      </marc:datafield>
      <marc:datafield tag="246" ind1="3" ind2="3">
         <marc:subfield code="a">NET
         #161--"Glory! Hallelujah!"</marc:subfield>
      </marc:datafield>
      <marc:datafield tag="246" ind1="3" ind2="3">
         <marc:subfield code="a">NET playhouse. Glory, hallelujah.
         [Acts 1 and 2].</marc:subfield>
      </marc:datafield>
      <marc:datafield tag="246" ind1="3" ind2="3">
         <marc:subfield code="a">Glory hallelujah. Act
         III.</marc:subfield>
      </marc:datafield>
      <marc:datafield tag="246" ind1="3" ind2="3">
         <marc:subfield code="a">Glory hallelujah. Acts I and
         II.</marc:subfield>
      </marc:datafield>
      <marc:datafield tag="246" ind1="3" ind2="3">
         <marc:subfield code="a">NET playhouse. [1969-10-30], Glory!
         Hallelujah!</marc:subfield>
      </marc:datafield>
      <marc:datafield tag="246" ind1="3" ind2="3">
         <marc:subfield code="a">NET playhouse. [No. 161], Glory!
         Hallelujah!</marc:subfield>
      </marc:datafield>
      <marc:datafield tag="655" ind1=" " ind2="0">
         <marc:subfield code="a">Television adaptations
         (lcgft)</marc:subfield>
         <marc:subfield code="0">http://id.loc.gov/authorities/genreForms/gf2011026653\n</marc:subfield>
      </marc:datafield>
      <marc:datafield tag="655" ind1=" " ind2="0">
         <marc:subfield code="a">Fiction television programs
         (lcgft)</marc:subfield>
         <marc:subfield code="0">http://id.loc.gov/authorities/genreForms/gf2011026252\n</marc:subfield>
      </marc:datafield>
   </marc:record>