
   <marc:record>
      <marc:leader>      am         3u     </marc:leader>
      <marc:datafield tag="042" ind1=" " ind2=" ">
         <marc:subfield code="a">dc</marc:subfield>
      </marc:datafield>
      <marc:datafield tag="720" ind1=" " ind2=" ">
         <marc:subfield code="a">National
         Educational Television and Radio Center</marc:subfield>
         <marc:subfield code="e">Presenter</marc:subfield>
         <marc:subfield code="0">http://id.loc.gov/authorities/names/n80050382</marc:subfield>
      </marc:datafield>
      <marc:datafield tag="720" ind1=" " ind2=" ">
         <marc:subfield code="a">National Educational Television and Radio Center</marc:subfield>
         <marc:subfield code="e">Broadcaster</marc:subfield>
         <marc:subfield code="0">http://id.loc.gov/authorities/names/n80050382</marc:subfield>
      </marc:datafield>
      <marc:datafield tag="720" ind1=" " ind2=" ">
         <marc:subfield code="a">Fenuku, R. O.</marc:subfield>
         <marc:subfield code="e">Cinematographer/Director of Photography</marc:subfield>
      </marc:datafield>
      <marc:datafield tag="720" ind1=" " ind2=" ">
         <marc:subfield code="a">De Graft, J. C.</marc:subfield>
         <marc:subfield code="e">Adapter/Dramatization</marc:subfield>
         <marc:subfield code="0">http://id.loc.gov/authorities/names/n87809174</marc:subfield>
      </marc:datafield>
      <marc:datafield tag="720" ind1=" " ind2=" ">
         <marc:subfield code="a">Shakespeare, William, 1564-1616</marc:subfield>
         <marc:subfield code="e">Author/Based on</marc:subfield>
         <marc:subfield code="0">http://id.loc.gov/authorities/names/n78095332</marc:subfield>
      </marc:datafield>
      <marc:datafield tag="720" ind1=" " ind2=" ">
         <marc:subfield code="a">GhanaFilms</marc:subfield>
         <marc:subfield code="e">Production Company</marc:subfield>
         <marc:subfield code="0">http://id.loc.gov/authorities/names/no98081480</marc:subfield>
      </marc:datafield>
      <marc:datafield tag="720" ind1=" " ind2=" ">
         <marc:subfield code="a">Aryeetey, Sam</marc:subfield>
         <marc:subfield code="e">Executive Producer</marc:subfield>
         <marc:subfield code="0">http://id.loc.gov/authorities/names/n85042831</marc:subfield>
      </marc:datafield>
      <marc:datafield tag="720" ind1=" " ind2=" ">
         <marc:subfield code="a">Bishop,
         Terry</marc:subfield>
         <marc:subfield code="e">Director</marc:subfield>
         <marc:subfield code="0">http://id.loc.gov/authorities/names/n87829687</marc:subfield>
      </marc:datafield>
      <marc:datafield tag="260" ind1=" " ind2=" ">
         <marc:subfield code="c">1970-1-15</marc:subfield>
      </marc:datafield>
      <marc:datafield tag="260" ind1=" " ind2=" ">
         <marc:subfield code="c">1964</marc:subfield>
      </marc:datafield>
      <marc:datafield tag="520" ind1=" " ind2=" ">
         <marc:subfield code="a">HAMILE (Ghana Film Industry Corp., Ghana, 1964). Dir., Terry Bishop. Adapt.,
         Joe de Graft. With Kofi Middleton-Mends (Hamile/Hamlet), Joe Akonor (King/Claudius),
         Frances Sey (Queen/Gertrude), Ernest Abbeyquaye (Ibrahim/Polonius), Mary Yirenkyi
         (Habiba/Ophelia), Kofi Yirenkyi (Laitu/Laertes), Martin Owusu (Karim/Horatio). Film version
         of the stage production by the Institute of African Studies at the University of Ghana. Set
         in the town of Tongo, among the Frafra people of northern Ghana, the adaptation retains the
         English text, but conforms the props, costumes, geographical locations, and certain
         gestures and action to the local setting. Cast was selected from students completing a
         3-year course in drama and theater studies. Not released theatrically in the U.S. From NET
         microfiche, file H: Program Description: Shakespeare's fame as a great dramatist has to
         some extent been due to the universality of the themes and situations in his plays. As a
         result, his play "Hamlet" lent itself readily to adaptation by Joe de Graft, a Ghanaian
         playwright of the Institution of African Studies at the University of Ghana. The play,
         retitled "Hamile," is set in Tongo, a Frafra town in the Upper Region of Ghana. The text
         remains unaltered except in passages where a word is decidedly archaic or its meaning has
         become obscured with time. On the other hand, as would be expected, items of props,
         costumes, and certain gestures and actions do conform to the adaptation. The swordplay
         between Hamlet (Hamile) and Laertes (Laitu) for instance becomes a typical Ghanaian
         wrestling match. The cast was selected from the students of the Institute of African
         Studies who were completing a three-year diploma course of drama and theatre studies, and
         the performance of "Hamile" formed part of their practical work on stage production. After
         many years of teaching at Mfantispim School, Cape Coast, Joe de Graft was invited to
         lecture in English at the Kumasi University of Science and Technology. He later became
         director of the Ghana Drama Studio in Accra before taking up an appointment as a research
         fellow of the Institute of African Studies and a lecturer in the School of Music and Drama
         at that Institute. The State Film Industry Corporation of Ghana made this feature film of
         the production and presented it for the Commonwealth Arts Festival in Britain in 1965.
         Dialogue is in English. Suggested Newspaper Listing: NET Playhouse - "Hamile": The story of
         Hamlet, retold in Ghanaian dress, a feature film of the stage production as originally
         performed by the Institute of African Studies at the University of Ghana. NET Playhouse -
         "Hamile" is an NET presentation, produced by the State Film Industry Corporation of Ghana.
         Director: Terry Bishop Director of photography: R. O. Fenuku Executive Director: Sam
         Aryeetey</marc:subfield>
      </marc:datafield>
      <marc:datafield tag="337" ind1=" " ind2=" ">
         <marc:subfield code="a">Moving Image</marc:subfield>
         <marc:subfield code="2">MAVIS media type controlled vocabulary</marc:subfield>
      </marc:datafield>
      <marc:datafield tag="024" ind1="8" ind2=" ">
         <marc:subfield code="a">1807185</marc:subfield>
         <marc:subfield code="2">MAVIS Title Number</marc:subfield>
      </marc:datafield>
      <marc:datafield tag="024" ind1="8" ind2=" ">
         <marc:subfield code="a">NPHA</marc:subfield>
         <marc:subfield code="2">NET/PBS NOLA</marc:subfield>
      </marc:datafield>
      <marc:datafield tag="024" ind1="8" ind2=" ">
         <marc:subfield code="a">172 (PBS-1994.xls Excel spreadsheet)</marc:subfield>
         <marc:subfield code="2">NET/PBS number</marc:subfield>
      </marc:datafield>
      <marc:datafield tag="024" ind1="8" ind2=" ">
         <marc:subfield code="a">0 (NET microfiche)</marc:subfield>
         <marc:subfield code="2">NET/PBS number</marc:subfield>
      </marc:datafield>
      <marc:datafield tag="546" ind1=" " ind2=" ">
         <marc:subfield code="a">English</marc:subfield>
      </marc:datafield>
      <marc:datafield tag="245" ind1="0" ind2="0">
         <marc:subfield code="a">NET playhouse. Hamile.</marc:subfield>
         <marc:subfield code="b">Ghana Film Industry Corp. ; NET presentation ;
         executive director, Sam Aryeetey ; director, Terry Bishop ; adaptation by Joe de
         Graft.</marc:subfield>
      </marc:datafield>
      <marc:datafield tag="246" ind1="3" ind2="3">
         <marc:subfield code="a">Hamile.</marc:subfield>
      </marc:datafield>
      <marc:datafield tag="246" ind1="3" ind2="3">
         <marc:subfield code="a">Hamlet.</marc:subfield>
      </marc:datafield>
      <marc:datafield tag="246" ind1="3" ind2="3">
         <marc:subfield code="a">NET playhouse. [1970-01-15],
         Hamile.</marc:subfield>
      </marc:datafield>
      <marc:datafield tag="246" ind1="3" ind2="3">
         <marc:subfield code="a">NET playhouse. [No. 172], Hamile.</marc:subfield>
      </marc:datafield>
      <marc:datafield tag="655" ind1=" " ind2="0">
         <marc:subfield code="a">Fiction television programs
         (lcgft)</marc:subfield>
         <marc:subfield code="0">http://id.loc.gov/authorities/genreForms/gf2011026252\n</marc:subfield>
      </marc:datafield>
      <marc:datafield tag="655" ind1=" " ind2="0">
         <marc:subfield code="a">Televised plays (lcgft)</marc:subfield>
         <marc:subfield code="0">http://id.loc.gov/authorities/genreForms/gf2011026647</marc:subfield>
      </marc:datafield>
   </marc:record>