
   <marc:record>
      <marc:leader>      am         3u     </marc:leader>
      <marc:datafield tag="042" ind1=" " ind2=" ">
         <marc:subfield code="a">dc</marc:subfield>
      </marc:datafield>
      <marc:datafield tag="720" ind1=" " ind2=" ">
         <marc:subfield code="a">White,
         Ruth, 1914-1969</marc:subfield>
         <marc:subfield code="e">Cast/Actor</marc:subfield>
         <marc:subfield code="0">http://id.loc.gov/authorities/names/n85199200</marc:subfield>
      </marc:datafield>
      <marc:datafield tag="720" ind1=" " ind2=" ">
         <marc:subfield code="a">La Mama Experimental Theatre
         Club.</marc:subfield>
         <marc:subfield code="e">Cooperation/Association</marc:subfield>
      </marc:datafield>
      <marc:datafield tag="720" ind1=" " ind2=" ">
         <marc:subfield code="a">Stewart, Ellen, 1919-2011</marc:subfield>
         <marc:subfield code="e">Consultant</marc:subfield>
         <marc:subfield code="0">http://id.loc.gov/authorities/names/n82038470</marc:subfield>
      </marc:datafield>
      <marc:datafield tag="720" ind1=" " ind2=" ">
         <marc:subfield code="a">O'Horgan, Tom</marc:subfield>
         <marc:subfield code="e">Staged By/Choreographer</marc:subfield>
         <marc:subfield code="0">http://id.loc.gov/authorities/names/n94090892</marc:subfield>
      </marc:datafield>
      <marc:datafield tag="720" ind1=" " ind2=" ">
         <marc:subfield code="a">Foster, Paul, 1931-</marc:subfield>
         <marc:subfield code="e">Author/Based on</marc:subfield>
         <marc:subfield code="0">http://id.loc.gov/authorities/names/n50023177</marc:subfield>
      </marc:datafield>
      <marc:datafield tag="720" ind1=" " ind2=" ">
         <marc:subfield code="a">National Educational Television and Radio Center</marc:subfield>
         <marc:subfield code="e">Production Company</marc:subfield>
         <marc:subfield code="0">http://id.loc.gov/authorities/names/n80050382</marc:subfield>
      </marc:datafield>
      <marc:datafield tag="720" ind1=" " ind2=" ">
         <marc:subfield code="a">Shepard, Sam, 1943-</marc:subfield>
         <marc:subfield code="e">Author/Based on</marc:subfield>
         <marc:subfield code="0">http://id.loc.gov/authorities/names/n79151156</marc:subfield>
      </marc:datafield>
      <marc:datafield tag="720" ind1=" " ind2=" ">
         <marc:subfield code="a">Howard,
         Brice</marc:subfield>
         <marc:subfield code="e">Producer</marc:subfield>
         <marc:subfield code="0">http://id.loc.gov/authorities/names/no99071769</marc:subfield>
      </marc:datafield>
      <marc:datafield tag="720" ind1=" " ind2=" ">
         <marc:subfield code="a">Hallock, Donald J.</marc:subfield>
         <marc:subfield code="e">Director</marc:subfield>
      </marc:datafield>
      <marc:datafield tag="720" ind1=" " ind2=" ">
         <marc:subfield code="a">Van
         Itallie, Jean Claude</marc:subfield>
         <marc:subfield code="e">Author/Based on</marc:subfield>
         <marc:subfield code="0">http://id.loc.gov/authorities/names/n50044942</marc:subfield>
      </marc:datafield>
      <marc:datafield tag="260" ind1=" " ind2=" ">
         <marc:subfield code="c">1967-1-20</marc:subfield>
      </marc:datafield>
      <marc:datafield tag="520" ind1=" " ind2=" ">
         <marc:subfield code="a">These are three plays by young playwrights whose work has been performed at La
         Mama Experimental Theater Club. La Mama ETC has been one of Broadway's busiest centers for
         experimentation in theater, and Ellen Stewart, its founder, has presented a different
         program each week. During its five-year existence, many of the leading new "underground"
         playwrights in the United States have had their first confrontation with an audience at La
         Mama. The three works selected for "NET Playhouse" are among Ellen Stewart's most popular.
         They have been presented in other theaters off-off-Broadway, as well as in other cities and
         at festivals throughout the country. Each of the three playwrights has also had his plays
         performed abroad by the now well-known La Mama acting company. The first play on the
         program is "Pavane" by Jean-Claude van Itallie, which was taped in the lobby of the First
         National City Bank on Park Avenue. Echoing the formal movements of the old dance from which
         the play gets its name, the characters move through a set ritual of human responses in our
         society. The second play on the program is "Fourteen Hundred Thousand" by Sam Shepard, set
         in an apartment, involving a young couple, presents of one of them, and a friend. The third
         is "The Recluse" by Paul Foster. It was taped in an abandoned hospital on Welfare Island in
         New York's East River, and deals with a demented old lady. The Cast: Pavane: 1st
         Interviewer - Cynthia Harris 2nd Interviewer - Alvin Epstein 3rd Interviewer - Shellie
         Feldman 4th Interviewer - James Coco 1st Applicant - Joe Chaiken 2nd Applicant - Ruth White
         3rd Applicant - Paul Dooley 4th Applicant - Sudie Bond Fourteen Hundred Thousand: Ed -
         Kevin O'Connor Tom - Joe Chaiken Donna - Joyce Aaron Mom - Ruth White Pop - Albert M.
         Ottenheimer The Recluse: The Recluse - Ruth White Jezebel - Bryarly Lee LA MAMA PLAYWRIGHTS
         is a National Educational Television production. Producer: Brice Howard Staged by: Tom
         O'Horgan Directed for television by: Don Hallock Information on Filler Material: After
         years on hand-to-mouth, and loft-to-basement existence, on April 2, 1969, Caf La Mama
         moved into its own permanent home, a four-floor building in new York's East Village.
         Although the building is still being renovated, and only two of the four floors are in use
         so far, the opening-night festivities were a great joy and triumph to this plucky troupe,
         and especially to its founder and guiding genius, Ellen Stewart. Along with the nation's
         press, NET covered the opening, interviewed Miss Stewart and playwrights Jean-Claude van
         Itallie, and Paul Foster among others. Some of what the NET cameras recorded that night is
         used as the filler in a new introduction to this "La Mama Playwrights"
         program.</marc:subfield>
      </marc:datafield>
      <marc:datafield tag="337" ind1=" " ind2=" ">
         <marc:subfield code="a">Moving Image</marc:subfield>
         <marc:subfield code="2">MAVIS media type controlled vocabulary</marc:subfield>
      </marc:datafield>
      <marc:datafield tag="024" ind1="8" ind2=" ">
         <marc:subfield code="a">2298741</marc:subfield>
         <marc:subfield code="2">MAVIS Title Number</marc:subfield>
      </marc:datafield>
      <marc:datafield tag="024" ind1="8" ind2=" ">
         <marc:subfield code="a">LMPW</marc:subfield>
         <marc:subfield code="2">NET/PBS NOLA</marc:subfield>
      </marc:datafield>
      <marc:datafield tag="024" ind1="8" ind2=" ">
         <marc:subfield code="a">0</marc:subfield>
         <marc:subfield code="2">NET/PBS number</marc:subfield>
      </marc:datafield>
      <marc:datafield tag="024" ind1="8" ind2=" ">
         <marc:subfield code="a">16?</marc:subfield>
         <marc:subfield code="2">Episode Number</marc:subfield>
      </marc:datafield>
      <marc:datafield tag="024" ind1="8" ind2=" ">
         <marc:subfield code="a">142?</marc:subfield>
         <marc:subfield code="2">Episode Number</marc:subfield>
      </marc:datafield>
      <marc:datafield tag="546" ind1=" " ind2=" ">
         <marc:subfield code="a">English</marc:subfield>
      </marc:datafield>
      <marc:datafield tag="653" ind1=" " ind2=" ">
         <marc:subfield code="a">Foster, Paul,
         1931-</marc:subfield>
      </marc:datafield>
      <marc:datafield tag="653" ind1=" " ind2=" ">
         <marc:subfield code="a">Shepard, Sam, 1943-</marc:subfield>
         <marc:subfield code="0">http://id.loc.gov/authorities/names/n79151156</marc:subfield>
      </marc:datafield>
      <marc:datafield tag="653" ind1=" " ind2=" ">
         <marc:subfield code="a"/>
      </marc:datafield>
      <marc:datafield tag="245" ind1="0" ind2="0">
         <marc:subfield code="a">NET playhouse. La MaMa playwrights.</marc:subfield>
         <marc:subfield code="b">National Educational Television ; producer,
         Brice Howard ; director, Don Hallock.</marc:subfield>
      </marc:datafield>
      <marc:datafield tag="246" ind1="3" ind2="3">
         <marc:subfield code="a">La MaMa playwrights.</marc:subfield>
      </marc:datafield>
      <marc:datafield tag="246" ind1="3" ind2="3">
         <marc:subfield code="a">NET playhouse.
         [No. 16], La MaMa playwrights.</marc:subfield>
      </marc:datafield>
      <marc:datafield tag="246" ind1="3" ind2="3">
         <marc:subfield code="a">NET playhouse.
         [No. 142], La MaMa playwrights.</marc:subfield>
      </marc:datafield>
      <marc:datafield tag="655" ind1=" " ind2="0">
         <marc:subfield code="a">Television adaptations
         (lcgft)</marc:subfield>
         <marc:subfield code="0">http://id.loc.gov/authorities/genreForms/gf2011026653\n</marc:subfield>
      </marc:datafield>
      <marc:datafield tag="655" ind1=" " ind2="0">
         <marc:subfield code="a">Fiction television programs
         (lcgft)</marc:subfield>
         <marc:subfield code="0">http://id.loc.gov/authorities/genreForms/gf2011026252\n</marc:subfield>
      </marc:datafield>
   </marc:record>