
   <marc:record>
      <marc:leader>      am         3u     </marc:leader>
      <marc:datafield tag="042" ind1=" " ind2=" ">
         <marc:subfield code="a">dc</marc:subfield>
      </marc:datafield>
      <marc:datafield tag="720" ind1=" " ind2=" ">
         <marc:subfield code="a">National Educational Television and Radio Center</marc:subfield>
         <marc:subfield code="e">Broadcaster</marc:subfield>
         <marc:subfield code="0">http://id.loc.gov/authorities/names/n80050382</marc:subfield>
      </marc:datafield>
      <marc:datafield tag="260" ind1=" " ind2=" ">
         <marc:subfield code="c">1960-9-1</marc:subfield>
      </marc:datafield>
      <marc:datafield tag="260" ind1=" " ind2=" ">
         <marc:subfield code="c">1966-12-30</marc:subfield>
      </marc:datafield>
      <marc:datafield tag="520" ind1=" " ind2=" ">
         <marc:subfield code="a">From NET microfiche: The Theatre de la Mandragore was founded by the
         well-known mime Wolfram Mehring and the actress and mime Grillon, who is also a designer of
         masks and dcor. Their Paris based company has provided Mehring with the opportunity to
         illustrate his personal concept of the theatre by synthesizing spoken drama and the ancient
         art of mime. From its repertoire is a filmed performance of "La Marmite" - in French with
         English subtitles. "La Marmite" (in Latin "Aulularia" and in English "The Pot of Gold") was
         written 2,000 years ago by Plautus, the Latin poet who inspired Moliere. Coordinating
         Plautus' text with masks and mime, the play follows the fortunes of a disagreeable old
         miser, Euclion, who lives in fear of losing his treasured pot of gold. Euclion's daughter
         is in love with the young Lyconides, but the greedy old miser gives her hand in marriage to
         a wealthy old neighbor, Megadore. To prepare for their wedding feast, Megadore provides
         food and sends his cooks to the "poor" Euclion. Their presence so worries the miser that he
         takes out his pot of gold for safer hiding. But he is observed by a slave of his daughter's
         lover, who manages to steal the pot of gold, give it to his master, Lyconides, who returns
         it to the miser and in exchange gets to marry his daughter. Information about Filler:
         "Clay" is a short animated film without words depicting "The Origin of the Species" in a
         light vein by the use of clay figures. A Jazz quartet provides the score for the
         film.</marc:subfield>
      </marc:datafield>
      <marc:datafield tag="337" ind1=" " ind2=" ">
         <marc:subfield code="a">Moving Image</marc:subfield>
         <marc:subfield code="2">MAVIS media type controlled vocabulary</marc:subfield>
      </marc:datafield>
      <marc:datafield tag="024" ind1="8" ind2=" ">
         <marc:subfield code="a">2310235</marc:subfield>
         <marc:subfield code="2">MAVIS Title Number</marc:subfield>
      </marc:datafield>
      <marc:datafield tag="024" ind1="8" ind2=" ">
         <marc:subfield code="a">NPMA</marc:subfield>
         <marc:subfield code="2">NET/PBS NOLA</marc:subfield>
      </marc:datafield>
      <marc:datafield tag="024" ind1="8" ind2=" ">
         <marc:subfield code="a">0</marc:subfield>
         <marc:subfield code="2">NET/PBS number</marc:subfield>
      </marc:datafield>
      <marc:datafield tag="024" ind1="8" ind2=" ">
         <marc:subfield code="a">13?</marc:subfield>
         <marc:subfield code="2">NET/PBS number</marc:subfield>
      </marc:datafield>
      <marc:datafield tag="024" ind1="8" ind2=" ">
         <marc:subfield code="a">48?</marc:subfield>
         <marc:subfield code="2">NET/PBS number</marc:subfield>
      </marc:datafield>
      <marc:datafield tag="546" ind1=" " ind2=" ">
         <marc:subfield code="a">English</marc:subfield>
      </marc:datafield>
      <marc:datafield tag="787" ind1="0" ind2=" ">
         <marc:subfield code="w">2337149</marc:subfield>
         <marc:subfield code="n">MAVIS id number</marc:subfield>
         <marc:subfield code="m">Content 1</marc:subfield>
      </marc:datafield>
      <marc:datafield tag="787" ind1="0" ind2=" ">
         <marc:subfield code="w">2337156</marc:subfield>
         <marc:subfield code="n">MAVIS id number</marc:subfield>
         <marc:subfield code="m">Content 2</marc:subfield>
      </marc:datafield>
      <marc:datafield tag="245" ind1="0" ind2="0">
         <marc:subfield code="a">[NET playhouse. La marmite ; Clay].</marc:subfield>
      </marc:datafield>
   </marc:record>