
   <marc:record>
      <marc:leader>      am         3u     </marc:leader>
      <marc:datafield tag="042" ind1=" " ind2=" ">
         <marc:subfield code="a">dc</marc:subfield>
      </marc:datafield>
      <marc:datafield tag="720" ind1=" " ind2=" ">
         <marc:subfield code="a">National Educational Television and Radio Center</marc:subfield>
         <marc:subfield code="e">Broadcaster</marc:subfield>
         <marc:subfield code="0">http://id.loc.gov/authorities/names/n80050382</marc:subfield>
      </marc:datafield>
      <marc:datafield tag="720" ind1=" " ind2=" ">
         <marc:subfield code="a">Horgan,
         Patrick</marc:subfield>
         <marc:subfield code="e">Cast/Actor</marc:subfield>
         <marc:subfield code="0">http://id.loc.gov/authorities/names/no2005080310</marc:subfield>
      </marc:datafield>
      <marc:datafield tag="720" ind1=" " ind2=" ">
         <marc:subfield code="a">McKeand, Nigel</marc:subfield>
         <marc:subfield code="e">Cast/Actor</marc:subfield>
         <marc:subfield code="0">http://id.loc.gov/authorities/names/n85322418</marc:subfield>
      </marc:datafield>
      <marc:datafield tag="720" ind1=" " ind2=" ">
         <marc:subfield code="a">Douglas, James B.</marc:subfield>
         <marc:subfield code="e">Cast/Actor</marc:subfield>
         <marc:subfield code="0">http://id.loc.gov/authorities/names/no2012006438</marc:subfield>
      </marc:datafield>
      <marc:datafield tag="720" ind1=" " ind2=" ">
         <marc:subfield code="a">KCET (Television station : Los Angeles, Calif.)</marc:subfield>
         <marc:subfield code="e">Production Company</marc:subfield>
         <marc:subfield code="0">http://id.loc.gov/authorities/names/n50082227</marc:subfield>
      </marc:datafield>
      <marc:datafield tag="720" ind1=" " ind2=" ">
         <marc:subfield code="a">Saunders, James, 1925-2004</marc:subfield>
         <marc:subfield code="e">Author/Based on</marc:subfield>
         <marc:subfield code="0">http://id.loc.gov/authorities/names/n50019349</marc:subfield>
      </marc:datafield>
      <marc:datafield tag="720" ind1=" " ind2=" ">
         <marc:subfield code="a">Heimer, Gregory</marc:subfield>
         <marc:subfield code="e">Producer</marc:subfield>
      </marc:datafield>
      <marc:datafield tag="720" ind1=" " ind2=" ">
         <marc:subfield code="a">Black,
         Malcolm</marc:subfield>
         <marc:subfield code="e">Co-producer</marc:subfield>
         <marc:subfield code="0">http://id.loc.gov/authorities/names/n91048568</marc:subfield>
      </marc:datafield>
      <marc:datafield tag="260" ind1=" " ind2=" ">
         <marc:subfield code="c">1966-7</marc:subfield>
      </marc:datafield>
      <marc:datafield tag="260" ind1=" " ind2=" ">
         <marc:subfield code="c">1969-4-9 to 1969-4-10</marc:subfield>
      </marc:datafield>
      <marc:datafield tag="260" ind1=" " ind2=" ">
         <marc:subfield code="c">1967-11-10</marc:subfield>
      </marc:datafield>
      <marc:datafield tag="260" ind1=" " ind2=" ">
         <marc:subfield code="c">1967-4-17</marc:subfield>
      </marc:datafield>
      <marc:datafield tag="520" ind1=" " ind2=" ">
         <marc:subfield code="a">From NET microfiche: Program Description: This play by the English author
         James Saunders was suggested by a theme from the book "A Hermit Disclosed" by Raleigh
         Trevelyan. Adapted for the television medium, the play takes us into the television studio
         without a formal set. Like the book, it is concerned, in the words of Mr. Trevelyan, with
         "the exploration and acceptance of man's inescapable solitude." The play develop its theme
         through a study of the famous hermit of Great Canfield, Essex, England, who shut himself
         away for 36 years. The play opens with a pseudo-improvisation. Three actors - presented
         simply as actors who will portray characters in the hermit's story - await the arrival of
         two other performers and chat brightly and humorously about all sorts of things, including
         bad jokes, the audience, and the matter of repeating the same speeches night after night.
         The two other actors, including the one who is to play the hermit, arrive and they are
         presumably ready for business. This last actor to arrive has removed his beard. But he puts
         it back on again and later when he finds he is unable to remove it once more, the viewer
         realizes that the actors have already launched into the story. In this transition from
         acting to living, the characters remain as before, performing in a barren studio with
         lines, ladders, and other television equipment exposed, and they continue their energetic
         cavorting and joking - sometimes to each other, sometimes to the audience. Their purpose is
         to investigate the meaning of existence, the anatomy of isolation, and the immediate
         environment (the studio, itself) as a microcosm. The play offers no solutions but presents
         in a witty, poetic way the riddle which each inquiring mind attempts to solve for itself.
         As Richard Watts Jr. of the New York Post says: "Mr. Saunders has two major problems of
         striking interest on his hands. What is the relationship to his fellow men of the alienated
         Jimmy Mason, who cut himself off from the world and lived in solitude for half a century,
         but left a diary behind? And how is the playwright to bring into dramatic focus his
         examination of a story and implications of the secret creature who has determined to sever
         all connections with human society and remain in brooding loneliness? It is the second
         question that provides the author with his most effective ideas." James Saunders, born in
         London in 1925, is a chemistry teacher by profession who took up dramatic writing as a
         spare time hobby while studying for a science degree at Southampton. His play "The Ark" was
         given a West End production and a subsequent grant to him by the Arts Council enabled him
         to pursue a full time career as a playwright. Originally produced at the Questers Theatre,
         Ealing, "Next Time I'll Sing to You" was subsequently given in London and on the Continent.
         His other plays include "Poor Fred," "A Scent of Flowers," and "Neighbors." The play is
         performed by members of The Theatre Group of UCLA, which has since become a resident
         company of the Los Angeles Music Center, under the name of the Center Theatre Group. The
         Cast: Meff - Nigel McKeand Dust - Patrick Horgan Lizzie - Carol Booth Rudge - James B.
         Douglas Hermit - Robert Casper NEXT TIME I'LL SING TO YOU is a production of KCET, Los
         Angeles. It was produced by Gregory Heimer with assistance from Malcolm Black, Theatre
         Group stage director.</marc:subfield>
      </marc:datafield>
      <marc:datafield tag="337" ind1=" " ind2=" ">
         <marc:subfield code="a">Moving Image</marc:subfield>
         <marc:subfield code="2">MAVIS media type controlled vocabulary</marc:subfield>
      </marc:datafield>
      <marc:datafield tag="024" ind1="8" ind2=" ">
         <marc:subfield code="a">2411903</marc:subfield>
         <marc:subfield code="2">MAVIS Title Number</marc:subfield>
      </marc:datafield>
      <marc:datafield tag="024" ind1="8" ind2=" ">
         <marc:subfield code="a">NPNS</marc:subfield>
         <marc:subfield code="2">NET/PBS NOLA</marc:subfield>
      </marc:datafield>
      <marc:datafield tag="024" ind1="8" ind2=" ">
         <marc:subfield code="a">0 (PBS-1994.xls Excel spreadsheet)</marc:subfield>
         <marc:subfield code="2">NET/PBS number</marc:subfield>
      </marc:datafield>
      <marc:datafield tag="024" ind1="8" ind2=" ">
         <marc:subfield code="a">58 (NET microfiche)</marc:subfield>
         <marc:subfield code="2">NET/PBS number</marc:subfield>
      </marc:datafield>
      <marc:datafield tag="024" ind1="8" ind2=" ">
         <marc:subfield code="a">133 (NET microfiche)</marc:subfield>
         <marc:subfield code="2">NET/PBS number</marc:subfield>
      </marc:datafield>
      <marc:datafield tag="546" ind1=" " ind2=" ">
         <marc:subfield code="a">English</marc:subfield>
      </marc:datafield>
      <marc:datafield tag="653" ind1=" " ind2=" ">
         <marc:subfield code="a">Hermits</marc:subfield>
         <marc:subfield code="0">http://id.loc.gov/authorities/subjects/sh85060417</marc:subfield>
      </marc:datafield>
      <marc:datafield tag="245" ind1="0" ind2="0">
         <marc:subfield code="a">NET playhouse. Next time I'll sing to you.</marc:subfield>
         <marc:subfield code="b">KCET, Los Angeles ; produced by Gregory Heimer
         with assistance from Malcolm Black.</marc:subfield>
      </marc:datafield>
      <marc:datafield tag="246" ind1="3" ind2="3">
         <marc:subfield code="a">Next time I'll sing to you.</marc:subfield>
      </marc:datafield>
      <marc:datafield tag="246" ind1="3" ind2="3">
         <marc:subfield code="a">NET playhouse. [No. 133], Next time I'll sing to
         you.</marc:subfield>
      </marc:datafield>
      <marc:datafield tag="246" ind1="3" ind2="3">
         <marc:subfield code="a">NET playhouse. [No. 58], Next time I'll sing to
         you.</marc:subfield>
      </marc:datafield>
      <marc:datafield tag="655" ind1=" " ind2="0">
         <marc:subfield code="a">Television adaptations
         (lcgft)</marc:subfield>
         <marc:subfield code="0">http://id.loc.gov/authorities/genreForms/gf2011026653\n</marc:subfield>
      </marc:datafield>
      <marc:datafield tag="655" ind1=" " ind2="0">
         <marc:subfield code="a">Fiction television programs
         (lcgft)</marc:subfield>
         <marc:subfield code="0">http://id.loc.gov/authorities/genreForms/gf2011026252\n</marc:subfield>
      </marc:datafield>
   </marc:record>