
   <marc:record>
      <marc:leader>      am         3u     </marc:leader>
      <marc:datafield tag="042" ind1=" " ind2=" ">
         <marc:subfield code="a">dc</marc:subfield>
      </marc:datafield>
      <marc:datafield tag="720" ind1=" " ind2=" ">
         <marc:subfield code="a">Johnson, Richard, 1927-2015</marc:subfield>
         <marc:subfield code="e">Cast/Actor</marc:subfield>
         <marc:subfield code="0">http://id.loc.gov/authorities/names/n86143620</marc:subfield>
      </marc:datafield>
      <marc:datafield tag="720" ind1=" " ind2=" ">
         <marc:subfield code="a">Cartier, Rudolph</marc:subfield>
         <marc:subfield code="e">Adapter/Dramatization</marc:subfield>
         <marc:subfield code="0">http://id.loc.gov/authorities/names/no2003099169</marc:subfield>
      </marc:datafield>
      <marc:datafield tag="720" ind1=" " ind2=" ">
         <marc:subfield code="a">Brambell, Wilfrid</marc:subfield>
         <marc:subfield code="e">Cast/Actor</marc:subfield>
         <marc:subfield code="0">http://id.loc.gov/authorities/names/no98004689</marc:subfield>
      </marc:datafield>
      <marc:datafield tag="720" ind1=" " ind2=" ">
         <marc:subfield code="a">National Educational Television and Radio
         Center</marc:subfield>
         <marc:subfield code="e">Cooperation/Association</marc:subfield>
         <marc:subfield code="0">http://id.loc.gov/authorities/names/n80050382</marc:subfield>
      </marc:datafield>
      <marc:datafield tag="720" ind1=" " ind2=" ">
         <marc:subfield code="a">National Educational Television and Radio Center</marc:subfield>
         <marc:subfield code="e">Broadcaster</marc:subfield>
         <marc:subfield code="0">http://id.loc.gov/authorities/names/n80050382</marc:subfield>
      </marc:datafield>
      <marc:datafield tag="720" ind1=" " ind2=" ">
         <marc:subfield code="a"/>
         <marc:subfield code="e">Cast/Actor</marc:subfield>
      </marc:datafield>
      <marc:datafield tag="720" ind1=" " ind2=" ">
         <marc:subfield code="a">Bennett, Jill, 1931-1990</marc:subfield>
         <marc:subfield code="e">Cast/Actor</marc:subfield>
      </marc:datafield>
      <marc:datafield tag="720" ind1=" " ind2=" ">
         <marc:subfield code="a">Shaps,
         Cyril</marc:subfield>
         <marc:subfield code="e">Cast/Actor</marc:subfield>
         <marc:subfield code="0">http://id.loc.gov/authorities/names/no2003047794</marc:subfield>
      </marc:datafield>
      <marc:datafield tag="720" ind1=" " ind2=" ">
         <marc:subfield code="a">Cargill, David, 1929-</marc:subfield>
         <marc:subfield code="e">Cast/Actor</marc:subfield>
      </marc:datafield>
      <marc:datafield tag="720" ind1=" " ind2=" ">
         <marc:subfield code="a">Rawlinson, Howard</marc:subfield>
         <marc:subfield code="e">Cast/Actor</marc:subfield>
      </marc:datafield>
      <marc:datafield tag="720" ind1=" " ind2=" ">
         <marc:subfield code="a">Wood, Drew</marc:subfield>
         <marc:subfield code="e">Cast/Actor</marc:subfield>
      </marc:datafield>
      <marc:datafield tag="720" ind1=" " ind2=" ">
         <marc:subfield code="a">Stewart, Robin</marc:subfield>
         <marc:subfield code="e">Cast/Actor</marc:subfield>
      </marc:datafield>
      <marc:datafield tag="720" ind1=" " ind2=" ">
         <marc:subfield code="a">Baskcomb, John</marc:subfield>
         <marc:subfield code="e">Cast/Actor</marc:subfield>
      </marc:datafield>
      <marc:datafield tag="720" ind1=" " ind2=" ">
         <marc:subfield code="a">Duggan, Terry</marc:subfield>
         <marc:subfield code="e">Cast/Actor</marc:subfield>
      </marc:datafield>
      <marc:datafield tag="720" ind1=" " ind2=" ">
         <marc:subfield code="a">Oulton, Brian</marc:subfield>
         <marc:subfield code="e">Cast/Actor</marc:subfield>
      </marc:datafield>
      <marc:datafield tag="720" ind1=" " ind2=" ">
         <marc:subfield code="a">Abbott,
         Tony</marc:subfield>
         <marc:subfield code="e">Designer</marc:subfield>
         <marc:subfield code="0">http://id.loc.gov/authorities/names/no2011025012</marc:subfield>
      </marc:datafield>
      <marc:datafield tag="720" ind1=" " ind2=" ">
         <marc:subfield code="a">Cartier,
         Rudolph</marc:subfield>
         <marc:subfield code="e">Producer</marc:subfield>
         <marc:subfield code="0">http://id.loc.gov/authorities/names/no2003099169</marc:subfield>
      </marc:datafield>
      <marc:datafield tag="720" ind1=" " ind2=" ">
         <marc:subfield code="a">Cartier,
         Rudolph</marc:subfield>
         <marc:subfield code="e">Writer</marc:subfield>
         <marc:subfield code="0">http://id.loc.gov/authorities/names/no2003099169</marc:subfield>
      </marc:datafield>
      <marc:datafield tag="720" ind1=" " ind2=" ">
         <marc:subfield code="a">British Broadcasting Corporation</marc:subfield>
         <marc:subfield code="e">Production Company</marc:subfield>
         <marc:subfield code="0">http://id.loc.gov/authorities/names/n79074359</marc:subfield>
      </marc:datafield>
      <marc:datafield tag="720" ind1=" " ind2=" ">
         <marc:subfield code="a">Zuckmayer, Carl</marc:subfield>
         <marc:subfield code="e">Author/Based on</marc:subfield>
         <marc:subfield code="0">http://id.loc.gov/authorities/names/n79103896</marc:subfield>
      </marc:datafield>
      <marc:datafield tag="720" ind1=" " ind2=" ">
         <marc:subfield code="a">WGBH (Television station : Boston, Mass.)</marc:subfield>
         <marc:subfield code="e">Production Company</marc:subfield>
         <marc:subfield code="0">http://id.loc.gov/authorities/names/n80089989</marc:subfield>
      </marc:datafield>
      <marc:datafield tag="260" ind1=" " ind2=" ">
         <marc:subfield code="c">1969-10-2</marc:subfield>
      </marc:datafield>
      <marc:datafield tag="260" ind1=" " ind2=" ">
         <marc:subfield code="c">1971-7-1</marc:subfield>
      </marc:datafield>
      <marc:datafield tag="260" ind1=" " ind2=" ">
         <marc:subfield code="c">1973-6-21</marc:subfield>
      </marc:datafield>
      <marc:datafield tag="260" ind1=" " ind2=" ">
         <marc:subfield code="c">1969-12-18</marc:subfield>
      </marc:datafield>
      <marc:datafield tag="520" ind1=" " ind2=" ">
         <marc:subfield code="a">From NET microfiche, file R: Many people know the story of Rembrandt's life
         only from Carl Zuckmayer's movie made in 1936, in which Charles Laughton played Rembrandt;
         Gertrude Lawrence, Geertje; and Elisa Lanchestrer Hendrickje. This new production, adapted
         essentially from Zuckmayer's original script, is deigned to update that film script and to
         refocus the treatment of dramatic events in the light of subsequent historical research. It
         is intended to serve as a companion piece to the NET Festival documentary "In Search of
         Rembrandt," commemorating the 300th anniversary of Rembrandt's death in 1669. This program
         about Rembrandt gives us a picture of the artist's life beginning at the height of his
         success in 1642, when he was happily married to Saskia and was eagerly sought by the
         wealthy and famous for portrait commissions. After Saksia's death that year, a change comes
         over Rembrandt. He seems to lose interest in painting the fashionable citizens of Amsterdam
         on commission. However, at the urging by his townsmen he consents to paint a group portrait
         of the officers of the Civic Guard. At the unveiling of the painting in the Town Hall, the
         burghers are outraged at Rembrandt's unconventional portrayal of the group. (This is the
         painting later known as "The Night Watch.") They ridicule the artist, who replies that
         their fine clothes are more beautiful than they themselves. Ten years later. Rembrandt has
         been painting beggars in the marketplace, and also his friends and neighbors, the Jews. No
         one will buy these pictures. Rembrandt's finances are at a low ebb and he is given and
         order of restraint by the Court of Bankruptcy. He, his 12-year-old son Titus, and the
         shrewish, tenacious housekeeper Geertje, are threatened with eviction. Rembrandt returns
         briefly to his father's home in Leyden. But the life of a simple miller is by now too far
         removed. In 1653, Rembrandt is back in Amsterdam. For the first time, he meets Hendrickje,
         the young country girl whom Geertje has hired as a maid, and by the next year, they are
         living together as common-law man and wife. The jealous Geertje has a summons issued on
         charges of concubinage, and Hendrickje is called to appear before court. She chooses to
         stay with Rembrandt, and is excommunicated. There is a forced sale of Rembrandt's goods,
         furniture and paintings, and he signs everything over to the court to hold until his debts
         are clear. Hendrickje becomes an "art dealer," as a device to save Rembrandt's paintings
         and drawings from the bailiff. But soon, Hendrickje dies. Titus has already died, shortly
         after his own marriage, and Rembrandt is alone again. He continues painting, living among
         the humble people of Amsterdam. In 1669, on October 4, his old friend, the Jew, Menassah,
         finds him dead. The cast: Rembrandt - Richard Johnson Geertje - Jill Bennett Hendrickje -
         Terri Stevens Beggar Saul - Wilfred Brambell Doctor Manasseh - Cyril Shaps Banning Cocq -
         Derek Aylward Ludwick, Rembrandt's agent - David Cargill Heertsbeeke, Rembrandt's lawyer -
         Richard Bebb Fabrizius, a pupil - Howard Rawlinson Flinck, a pupil - Drew Wood Bol, the new
         pupil - Timothy Peters Titus - Robin Stewart Titus, as a boy - Paul Griffiths Rembrandt's
         father - John Baskcomb Rembrandt's brother - Terry Duggan Jan Six - Brian Oulton
         Townspeople, shopkeepers, and officers Designer: Tony Abbot</marc:subfield>
      </marc:datafield>
      <marc:datafield tag="337" ind1=" " ind2=" ">
         <marc:subfield code="a">Moving Image</marc:subfield>
         <marc:subfield code="2">MAVIS media type controlled vocabulary</marc:subfield>
      </marc:datafield>
      <marc:datafield tag="024" ind1="8" ind2=" ">
         <marc:subfield code="a">1719476</marc:subfield>
         <marc:subfield code="2">MAVIS Title Number</marc:subfield>
      </marc:datafield>
      <marc:datafield tag="024" ind1="8" ind2=" ">
         <marc:subfield code="a">0</marc:subfield>
         <marc:subfield code="2">NET/PBS number</marc:subfield>
      </marc:datafield>
      <marc:datafield tag="024" ind1="8" ind2=" ">
         <marc:subfield code="a">157?</marc:subfield>
         <marc:subfield code="2">NET/PBS number</marc:subfield>
      </marc:datafield>
      <marc:datafield tag="024" ind1="8" ind2=" ">
         <marc:subfield code="a">246?</marc:subfield>
         <marc:subfield code="2">NET/PBS number</marc:subfield>
      </marc:datafield>
      <marc:datafield tag="024" ind1="8" ind2=" ">
         <marc:subfield code="a">203?</marc:subfield>
         <marc:subfield code="2">NET/PBS number</marc:subfield>
      </marc:datafield>
      <marc:datafield tag="024" ind1="8" ind2=" ">
         <marc:subfield code="a">NPRE</marc:subfield>
         <marc:subfield code="2">NET/PBS NOLA</marc:subfield>
      </marc:datafield>
      <marc:datafield tag="024" ind1="8" ind2=" ">
         <marc:subfield code="a">1</marc:subfield>
         <marc:subfield code="2">Program Number</marc:subfield>
      </marc:datafield>
      <marc:datafield tag="546" ind1=" " ind2=" ">
         <marc:subfield code="a">English</marc:subfield>
      </marc:datafield>
      <marc:datafield tag="787" ind1="0" ind2=" ">
         <marc:subfield code="w">2332166</marc:subfield>
         <marc:subfield code="n">MAVIS id number</marc:subfield>
      </marc:datafield>
      <marc:datafield tag="653" ind1=" " ind2=" ">
         <marc:subfield code="a">Painters--Netherlands</marc:subfield>
         <marc:subfield code="0">http://id.loc.gov/authorities/subjects/sh2008108764</marc:subfield>
      </marc:datafield>
      <marc:datafield tag="653" ind1=" " ind2=" ">
         <marc:subfield code="a">Rembrandt Harmenszoon van Rijn,
         1606-1669</marc:subfield>
         <marc:subfield code="0">http://id.loc.gov/authorities/names/n79142935</marc:subfield>
      </marc:datafield>
      <marc:datafield tag="245" ind1="0" ind2="0">
         <marc:subfield code="a">NET playhouse. Rembrandt.</marc:subfield>
         <marc:subfield code="b">British Broadcasting Corporation ; in
         association with NET ; National Educational Television presentation ; producer-director,
         Rudolph Cartier ; producer for NET, Curtis W. Davis.</marc:subfield>
      </marc:datafield>
      <marc:datafield tag="246" ind1="3" ind2="3">
         <marc:subfield code="a">Rembrandt.</marc:subfield>
      </marc:datafield>
      <marc:datafield tag="246" ind1="3" ind2="3">
         <marc:subfield code="a">NET playhouse
         #157--Rembrandt.</marc:subfield>
      </marc:datafield>
      <marc:datafield tag="246" ind1="3" ind2="3">
         <marc:subfield code="a">NET playhouse
         biography. [No. 246], Rembrandt.</marc:subfield>
      </marc:datafield>
      <marc:datafield tag="246" ind1="3" ind2="3">
         <marc:subfield code="a">Playhouse New
         York biography. [No. 203], Rembrandt.</marc:subfield>
      </marc:datafield>
      <marc:datafield tag="246" ind1="3" ind2="3">
         <marc:subfield code="a">Rembrandt. NET playhouse
         #157.</marc:subfield>
      </marc:datafield>
      <marc:datafield tag="246" ind1="3" ind2="3">
         <marc:subfield code="a">NET playhouse. [No. 157], Rembrandt.</marc:subfield>
      </marc:datafield>
      <marc:datafield tag="655" ind1=" " ind2="0">
         <marc:subfield code="a">Biographical television programs
         (lcgft)</marc:subfield>
         <marc:subfield code="0">http://id.loc.gov/authorities/genreForms/gf2011026091</marc:subfield>
      </marc:datafield>
      <marc:datafield tag="655" ind1=" " ind2="0">
         <marc:subfield code="a">Fiction television programs
         (lcgft)</marc:subfield>
         <marc:subfield code="0">http://id.loc.gov/authorities/genreForms/gf2011026252\n</marc:subfield>
      </marc:datafield>
   </marc:record>