
   <marc:record>
      <marc:leader>      am         3u     </marc:leader>
      <marc:datafield tag="042" ind1=" " ind2=" ">
         <marc:subfield code="a">dc</marc:subfield>
      </marc:datafield>
      <marc:datafield tag="720" ind1=" " ind2=" ">
         <marc:subfield code="a">National Educational Television and Radio Center</marc:subfield>
         <marc:subfield code="e">Broadcaster</marc:subfield>
         <marc:subfield code="0">http://id.loc.gov/authorities/names/n80050382</marc:subfield>
      </marc:datafield>
      <marc:datafield tag="720" ind1=" " ind2=" ">
         <marc:subfield code="a">National Gallery of Art
         (U.S.)</marc:subfield>
         <marc:subfield code="e">Cooperation/Association</marc:subfield>
         <marc:subfield code="0">http://id.loc.gov/authorities/names/n79054426</marc:subfield>
      </marc:datafield>
      <marc:datafield tag="720" ind1=" " ind2=" ">
         <marc:subfield code="a">Mason,
         James, 1909-1984</marc:subfield>
         <marc:subfield code="e">Narrator</marc:subfield>
         <marc:subfield code="0">http://id.loc.gov/authorities/names/n50044100</marc:subfield>
      </marc:datafield>
      <marc:datafield tag="720" ind1=" " ind2=" ">
         <marc:subfield code="a">May, Cordelia S.</marc:subfield>
         <marc:subfield code="e">Undetermined</marc:subfield>
      </marc:datafield>
      <marc:datafield tag="720" ind1=" " ind2=" ">
         <marc:subfield code="a">Slive,
         Seymour</marc:subfield>
         <marc:subfield code="e">Consultant</marc:subfield>
         <marc:subfield code="0">http://id.loc.gov/authorities/names/n50012566</marc:subfield>
      </marc:datafield>
      <marc:datafield tag="720" ind1=" " ind2=" ">
         <marc:subfield code="a">Wandzilak, Marina</marc:subfield>
         <marc:subfield code="e">Associate Producer</marc:subfield>
      </marc:datafield>
      <marc:datafield tag="720" ind1=" " ind2=" ">
         <marc:subfield code="a">Feldstein, Donald</marc:subfield>
         <marc:subfield code="e">Editor</marc:subfield>
      </marc:datafield>
      <marc:datafield tag="720" ind1=" " ind2=" ">
         <marc:subfield code="a">National Educational Television and Radio Center</marc:subfield>
         <marc:subfield code="e">Production Company</marc:subfield>
         <marc:subfield code="0">http://id.loc.gov/authorities/names/n80050382</marc:subfield>
      </marc:datafield>
      <marc:datafield tag="720" ind1=" " ind2=" ">
         <marc:subfield code="a">Kleinsinger, George</marc:subfield>
         <marc:subfield code="e">Music Composer</marc:subfield>
         <marc:subfield code="0">http://id.loc.gov/authorities/names/n85367851</marc:subfield>
      </marc:datafield>
      <marc:datafield tag="720" ind1=" " ind2=" ">
         <marc:subfield code="a">Siemanowski, R. F.</marc:subfield>
         <marc:subfield code="e">Producer</marc:subfield>
      </marc:datafield>
      <marc:datafield tag="720" ind1=" " ind2=" ">
         <marc:subfield code="a">Siemanowski, R. F.</marc:subfield>
         <marc:subfield code="e">Writer</marc:subfield>
      </marc:datafield>
      <marc:datafield tag="720" ind1=" " ind2=" ">
         <marc:subfield code="a">Slate, Lane</marc:subfield>
         <marc:subfield code="e">Executive Producer</marc:subfield>
         <marc:subfield code="0">http://id.loc.gov/authorities/names/no2009059780</marc:subfield>
      </marc:datafield>
      <marc:datafield tag="260" ind1=" " ind2=" ">
         <marc:subfield code="c">1969-9-30</marc:subfield>
      </marc:datafield>
      <marc:datafield tag="520" ind1=" " ind2=" ">
         <marc:subfield code="a">From NET microfiche: Program Description: Like Shakespeare's, Rembrandt's name
         is a household word. Similarly, the myths surrounding his life are myriad, but the
         authenticated facts are incredibly few. We know where Rembrandt lived and with whom. Beyond
         that, romantic conjecture is rife. Only seven of his letters exist, and these are
         essentially about business matters. What we do have is a body of works of measureless
         richness and variety. Last May an NET crew went to Amsterdam and spent three days and
         nights in pursuit of the elusive truth about Rembrandt the man as well as Rembrandt the
         painter. The cameras traveled the length of Amsterdam - Rembrandt's house, the Rijksmuseum,
         Jodenbree Straat in the Jewish quarter - and visited The Hague and Rembrandt's school in
         Leyden. The resulting film is a kind of portrait of Rembrandt, himself, seen through his
         own work and through film footage of contemporary Holland, scenes which are echoes of the
         settings of the Rembrandt paintings and drawings. For instance, when the young Rembrandt
         moved permanently from Leyden to Amsterdam (during his whole life he never left Holland,
         claiming that he was too busy to travel), his first commission was "The Anatomy Lesson of
         Dr. Tulp," now hanging in The Hague. The portrait made such a great impression in the city
         that the young artist was inundated with commissions for portraits. Although we are not
         aware of his actual feelings, it appears that painting commissioned portraits did not
         satisfy his curiosity sufficiently, for he continued to turn out countless genre and
         historical and Biblical paintings for which there was little market. Again, why did he
         spend some fifteen years painting landscapes after the death of his wife, Saskia? Could it
         have been simply because he liked to walk in the countryside? Or was it because of some
         deeper, emotional need? All in all, the film embraces some sixteen categories of
         Rembrandt's work, close to 700 pictures (from 100 museums) and includes drawings which have
         never before been seen on film. And, of course, the film shows the famous paintings: "The
         Night Watch," "Self Portrait" (indeed there are forty self-portraits), "The Anatomy
         Lesson," etc. Many of his most renowned paintings were filmed where they hang in the
         museums themselves. Throughout the film, the pictures are intercut with live footage of
         today's Amsterdam and Holland: i.e., the Dutch skies and low, fast-moving clouds as the
         camera sees them, as Rembrandt saw them, and as other painters, Vermeer, for instance, saw
         them. The program was produced with the cooperation of the National Gallery of Art in
         Washington, DC. Advisor for the film was Dr. Seymour Slive, chairman of the department of
         the fine arts at Harvard University and director of the Fogg Art Museum in Boston.
         Suggested Newspaper Listing: NET Festival - "In the Search of Rembrandt" - For this
         documentary, filmed on location in Holland, some 700 pictures from 100 museums were
         photographed in pursuit of the elusive truth about Rembrandt's personality. NET Festival -
         "In the Search of Rembrandt" is a National Educational Television production, produced in
         cooperation with the National Gallery of Art, Washington, Dc, under a grant from Cordelia
         S. May. Produced and written by RF Siemanowski Associate producer: Marina Wandzilak Film
         editor: Don Feldstein Narrator: James Mason Composer: George Kleinsinger Executive
         producer: Lane Slate</marc:subfield>
      </marc:datafield>
      <marc:datafield tag="337" ind1=" " ind2=" ">
         <marc:subfield code="a">Moving Image</marc:subfield>
         <marc:subfield code="2">MAVIS media type controlled vocabulary</marc:subfield>
      </marc:datafield>
      <marc:datafield tag="024" ind1="8" ind2=" ">
         <marc:subfield code="a">2332166</marc:subfield>
         <marc:subfield code="2">MAVIS Title Number</marc:subfield>
      </marc:datafield>
      <marc:datafield tag="024" ind1="8" ind2=" ">
         <marc:subfield code="a">ISRT</marc:subfield>
         <marc:subfield code="2">NET/PBS NOLA</marc:subfield>
      </marc:datafield>
      <marc:datafield tag="024" ind1="8" ind2=" ">
         <marc:subfield code="a">0</marc:subfield>
         <marc:subfield code="2">NET/PBS number</marc:subfield>
      </marc:datafield>
      <marc:datafield tag="024" ind1="8" ind2=" ">
         <marc:subfield code="a">89?</marc:subfield>
         <marc:subfield code="2">NET/PBS number</marc:subfield>
      </marc:datafield>
      <marc:datafield tag="024" ind1="8" ind2=" ">
         <marc:subfield code="a">MP19863</marc:subfield>
         <marc:subfield code="2">Copyright Registration Number</marc:subfield>
      </marc:datafield>
      <marc:datafield tag="024" ind1="8" ind2=" ">
         <marc:subfield code="a">11?</marc:subfield>
         <marc:subfield code="2">NET/PBS number</marc:subfield>
      </marc:datafield>
      <marc:datafield tag="546" ind1=" " ind2=" ">
         <marc:subfield code="a">English</marc:subfield>
      </marc:datafield>
      <marc:datafield tag="787" ind1="0" ind2=" ">
         <marc:subfield code="w">1719476</marc:subfield>
         <marc:subfield code="n">MAVIS id number</marc:subfield>
      </marc:datafield>
      <marc:datafield tag="653" ind1=" " ind2=" ">
         <marc:subfield code="a">Amsterdam (Netherlands)--Description and
         travel</marc:subfield>
         <marc:subfield code="0">http://id.loc.gov/authorities/subjects/sh2007101650</marc:subfield>
      </marc:datafield>
      <marc:datafield tag="653" ind1=" " ind2=" ">
         <marc:subfield code="a">Painters--Netherlands</marc:subfield>
         <marc:subfield code="0">http://id.loc.gov/authorities/subjects/sh2008108764</marc:subfield>
      </marc:datafield>
      <marc:datafield tag="653" ind1=" " ind2=" ">
         <marc:subfield code="a">Painting</marc:subfield>
         <marc:subfield code="0">http://id.loc.gov/authorities/subjects/sh00006877</marc:subfield>
      </marc:datafield>
      <marc:datafield tag="653" ind1=" " ind2=" ">
         <marc:subfield code="a">Painters</marc:subfield>
         <marc:subfield code="0">http://id.loc.gov/authorities/subjects/sh85096653</marc:subfield>
      </marc:datafield>
      <marc:datafield tag="653" ind1=" " ind2=" ">
         <marc:subfield code="a">Rembrandt Harmenszoon van Rijn,
         1606-1669</marc:subfield>
         <marc:subfield code="0">http://id.loc.gov/authorities/names/n79142935</marc:subfield>
      </marc:datafield>
      <marc:datafield tag="245" ind1="0" ind2="0">
         <marc:subfield code="a">In search of Rembrandt.</marc:subfield>
         <marc:subfield code="b">NET ; in cooperation with the National Gallery
         of Art ; executive producer, Lane Slate ; producer-writer, RF Siemonowski ; associate
         producer, Marina Wandzilak.</marc:subfield>
      </marc:datafield>
      <marc:datafield tag="246" ind1="3" ind2="3">
         <marc:subfield code="a">Rembrandt.</marc:subfield>
      </marc:datafield>
      <marc:datafield tag="246" ind1="3" ind2="3">
         <marc:subfield code="a">Realities #11. In search of
         Rembrandt.</marc:subfield>
      </marc:datafield>
      <marc:datafield tag="246" ind1="3" ind2="3">
         <marc:subfield code="a">Realities. [No. 11], In
         search of Rembrandt.</marc:subfield>
      </marc:datafield>
      <marc:datafield tag="246" ind1="3" ind2="3">
         <marc:subfield code="a">NET festival
         #89--in search of Rembrandt.</marc:subfield>
      </marc:datafield>
      <marc:datafield tag="246" ind1="3" ind2="3">
         <marc:subfield code="a">NET festival.
         [No. 89], In search of Rembrandt.</marc:subfield>
      </marc:datafield>
      <marc:datafield tag="246" ind1="3" ind2="3">
         <marc:subfield code="a">In search of Rembrandt. (Festival
         #89).</marc:subfield>
      </marc:datafield>
      <marc:datafield tag="655" ind1=" " ind2="0">
         <marc:subfield code="a">Biographical television programs
         (lcgft)</marc:subfield>
         <marc:subfield code="0">http://id.loc.gov/authorities/genreForms/gf2011026091</marc:subfield>
      </marc:datafield>
      <marc:datafield tag="655" ind1=" " ind2="0">
         <marc:subfield code="a">Cultural television programs
         (lcgft)</marc:subfield>
         <marc:subfield code="0">http://id.loc.gov/authorities/genreForms/gf2011026178</marc:subfield>
      </marc:datafield>
      <marc:datafield tag="655" ind1=" " ind2="0">
         <marc:subfield code="a">Documentary television programs
         (lcgft)</marc:subfield>
         <marc:subfield code="0">http://id.loc.gov/authorities/genreForms/gf2011026207</marc:subfield>
      </marc:datafield>
      <marc:datafield tag="655" ind1=" " ind2="0">
         <marc:subfield code="a">Nonfiction television programs
         (lcgft)</marc:subfield>
         <marc:subfield code="0">http://id.loc.gov/authorities/genreForms/gf2011026425</marc:subfield>
      </marc:datafield>
   </marc:record>