
   <marc:record>
      <marc:leader>      am         3u     </marc:leader>
      <marc:datafield tag="042" ind1=" " ind2=" ">
         <marc:subfield code="a">dc</marc:subfield>
      </marc:datafield>
      <marc:datafield tag="720" ind1=" " ind2=" ">
         <marc:subfield code="a">National Educational Television and Radio Center</marc:subfield>
         <marc:subfield code="e">Broadcaster</marc:subfield>
         <marc:subfield code="0">http://id.loc.gov/authorities/names/n80050382</marc:subfield>
      </marc:datafield>
      <marc:datafield tag="720" ind1=" " ind2=" ">
         <marc:subfield code="a">Ashcroft, Peggy</marc:subfield>
         <marc:subfield code="e">Cast/Actor</marc:subfield>
         <marc:subfield code="0">http://id.loc.gov/authorities/names/n84130841</marc:subfield>
      </marc:datafield>
      <marc:datafield tag="720" ind1=" " ind2=" ">
         <marc:subfield code="a">Wigert, Knut</marc:subfield>
         <marc:subfield code="e">Cast/Actor</marc:subfield>
      </marc:datafield>
      <marc:datafield tag="720" ind1=" " ind2=" ">
         <marc:subfield code="a">Jellicoe, Ann</marc:subfield>
         <marc:subfield code="e">Adapter/Dramatization</marc:subfield>
         <marc:subfield code="0">http://id.loc.gov/authorities/names/n50028059</marc:subfield>
      </marc:datafield>
      <marc:datafield tag="720" ind1=" " ind2=" ">
         <marc:subfield code="a">Ibsen,
         Henrik</marc:subfield>
         <marc:subfield code="e">Author/Based on</marc:subfield>
         <marc:subfield code="0">http://id.loc.gov/authorities/names/n79070050</marc:subfield>
      </marc:datafield>
      <marc:datafield tag="720" ind1=" " ind2=" ">
         <marc:subfield code="a">British Broadcasting Corporation</marc:subfield>
         <marc:subfield code="e">Production Company</marc:subfield>
         <marc:subfield code="0">http://id.loc.gov/authorities/names/n79074359</marc:subfield>
      </marc:datafield>
      <marc:datafield tag="720" ind1=" " ind2=" ">
         <marc:subfield code="a">Messina,
         Cedric</marc:subfield>
         <marc:subfield code="e">Producer</marc:subfield>
         <marc:subfield code="0">http://id.loc.gov/authorities/names/no95028862</marc:subfield>
      </marc:datafield>
      <marc:datafield tag="720" ind1=" " ind2=" ">
         <marc:subfield code="a">Chessid, Kay</marc:subfield>
         <marc:subfield code="e">Producer</marc:subfield>
      </marc:datafield>
      <marc:datafield tag="720" ind1=" " ind2=" ">
         <marc:subfield code="a">Barry,
         Michael, 1910-1988</marc:subfield>
         <marc:subfield code="e">Director</marc:subfield>
         <marc:subfield code="0">http://id.loc.gov/authorities/names/nr94027971</marc:subfield>
      </marc:datafield>
      <marc:datafield tag="260" ind1=" " ind2=" ">
         <marc:subfield code="c">1968-5-12</marc:subfield>
      </marc:datafield>
      <marc:datafield tag="260" ind1=" " ind2=" ">
         <marc:subfield code="c">1970-7-9</marc:subfield>
      </marc:datafield>
      <marc:datafield tag="260" ind1=" " ind2=" ">
         <marc:subfield code="c">1965-9-26</marc:subfield>
      </marc:datafield>
      <marc:datafield tag="520" ind1=" " ind2=" ">
         <marc:subfield code="a">From NET microfiche: Rosmersholm is the name of the gloomy, ancestral home of
         John Rosmer, a cultured and distinguished man who was once a clergyman but is now an
         idealistic "freethinker." The play "Rosmersholm" is about the strange, intense bond between
         Rosmer and his housekeeper, Rebecca West, who came to the house when Rosmer's wife, Beata,
         was ill and who stayed on after her death. The nature of this relationship is the core of
         the play and reflects Ibsen's concern with social problems as well as his growing interest
         in psychological conflict. Written in 1886, "Rosmersholm" was in fact the last of Ibsen's
         dramas based on social themes and the first of his profound psychological studies. It has
         been called his starkest tragedy. When the play opens, John Rosmer has turned away from his
         past conservative ways and, encouraged by the passionately-involved, socially-militant
         Rebecca, is ready to take on active part in the liberal and progressive movements of his
         day. In this he is fiercely opposed by his dead wife's brother, Dr. Kroll, who is also
         suspicious of Rosmer's relationship with Rebecca. Although Rosmer, in his innocent
         high-mindedness, had regarded Rebecca only as an idealistic friend, through Kroll's
         suspicious probing and accusations, he gradually becomes aware of her driving will and of
         her desperate love for him. When Kroll reveals the ugly truth about Rebecca's past - that
         she had had an illicit relation with her guardian without knowing that he was her father -
         it becomes clear to Rosmer that Rebecca had been the moving force behind his wife's
         suicide. In his distraction at the collapse of his ideals, Rosmer can find no way to
         reassert the value of life and the proof of love but by asking Rebecca to follow Beata into
         suicide. When she accepts this, he joins her and together they leap from the same
         foot-bridge into the millrace that had earlier borne away his wife. The cast of
         "Rosmersholm" is led by Britain's distinguished actress Dame Peggy Ashcroft as Rebecca and
         Knut Wiggert, one of the leading players of the Norwegian National Theatre as Rosmer. The
         new English translation was made by Ann Jellicoe, one of England's brilliant young
         playwrights and the author of the stage and screen success "The Knack." The Cast: Rebecca
         West - Dame Peggy Ashcroft John Rosmer - Knut Wigert Kroll - Mark Dignam Mrs. Helseth -
         Angela Baddeley Mortensgaard - Morris Perry Ulric Brendel - John Laurie NET Playhouse -
         "Rosmersholm" is a National Educational Television presentation, produced for the British
         Broadcasting Corporation by Cedric Messina, directed by Michael Barry. It was designed by
         Jack Notman. Producer for NET is kay Chessid. FILLER INFORMATION: Mamako's
         Baggage</marc:subfield>
      </marc:datafield>
      <marc:datafield tag="337" ind1=" " ind2=" ">
         <marc:subfield code="a">Moving Image</marc:subfield>
         <marc:subfield code="2">MAVIS media type controlled vocabulary</marc:subfield>
      </marc:datafield>
      <marc:datafield tag="024" ind1="8" ind2=" ">
         <marc:subfield code="a">1712778</marc:subfield>
         <marc:subfield code="2">MAVIS Title Number</marc:subfield>
      </marc:datafield>
      <marc:datafield tag="024" ind1="8" ind2=" ">
         <marc:subfield code="a">NPRO</marc:subfield>
         <marc:subfield code="2">NET/PBS NOLA</marc:subfield>
      </marc:datafield>
      <marc:datafield tag="024" ind1="8" ind2=" ">
         <marc:subfield code="a">0</marc:subfield>
         <marc:subfield code="2">NET/PBS number</marc:subfield>
      </marc:datafield>
      <marc:datafield tag="024" ind1="8" ind2=" ">
         <marc:subfield code="a">195</marc:subfield>
         <marc:subfield code="2">Episode Number</marc:subfield>
      </marc:datafield>
      <marc:datafield tag="546" ind1=" " ind2=" ">
         <marc:subfield code="a">English</marc:subfield>
      </marc:datafield>
      <marc:datafield tag="245" ind1="0" ind2="0">
         <marc:subfield code="a">NET playhouse. Rosmersholm.</marc:subfield>
         <marc:subfield code="b">BBC ; producers, Cedric Messina and Kay
         Chessid ; director, Michael Barry.</marc:subfield>
      </marc:datafield>
      <marc:datafield tag="246" ind1="3" ind2="3">
         <marc:subfield code="a">Rosmersholm.</marc:subfield>
      </marc:datafield>
      <marc:datafield tag="246" ind1="3" ind2="3">
         <marc:subfield code="a">Theatre 625.
         Rosmersholm.</marc:subfield>
      </marc:datafield>
      <marc:datafield tag="246" ind1="3" ind2="3">
         <marc:subfield code="a">Women in crisis.
         Rosmersholm.</marc:subfield>
      </marc:datafield>
      <marc:datafield tag="246" ind1="3" ind2="3">
         <marc:subfield code="a">Theatre 625. [1965-09-26], Women in
         crisis. Rosmersholm.</marc:subfield>
      </marc:datafield>
      <marc:datafield tag="246" ind1="3" ind2="3">
         <marc:subfield code="a">NET playhouse. [No. 195], Rosmersholm.</marc:subfield>
      </marc:datafield>
      <marc:datafield tag="655" ind1=" " ind2="0">
         <marc:subfield code="a">Television adaptations
         (lcgft)</marc:subfield>
         <marc:subfield code="0">http://id.loc.gov/authorities/genreForms/gf2011026653\n</marc:subfield>
      </marc:datafield>
      <marc:datafield tag="655" ind1=" " ind2="0">
         <marc:subfield code="a">Fiction television programs
         (lcgft)</marc:subfield>
         <marc:subfield code="0">http://id.loc.gov/authorities/genreForms/gf2011026252\n</marc:subfield>
      </marc:datafield>
      <marc:datafield tag="655" ind1=" " ind2="0">
         <marc:subfield code="a">Televised plays (lcgft)</marc:subfield>
         <marc:subfield code="0">http://id.loc.gov/authorities/genreForms/gf2011026647</marc:subfield>
      </marc:datafield>
   </marc:record>