
   <marc:record>
      <marc:leader>      am         3u     </marc:leader>
      <marc:datafield tag="042" ind1=" " ind2=" ">
         <marc:subfield code="a">dc</marc:subfield>
      </marc:datafield>
      <marc:datafield tag="720" ind1=" " ind2=" ">
         <marc:subfield code="a">National Educational Television and Radio Center</marc:subfield>
         <marc:subfield code="e">Broadcaster</marc:subfield>
         <marc:subfield code="0">http://id.loc.gov/authorities/names/n80050382</marc:subfield>
      </marc:datafield>
      <marc:datafield tag="720" ind1=" " ind2=" ">
         <marc:subfield code="a">Clothier, Robert</marc:subfield>
         <marc:subfield code="e">Cast/Actor</marc:subfield>
      </marc:datafield>
      <marc:datafield tag="720" ind1=" " ind2=" ">
         <marc:subfield code="a">Kelly, Terence</marc:subfield>
         <marc:subfield code="e">Cast/Actor</marc:subfield>
      </marc:datafield>
      <marc:datafield tag="720" ind1=" " ind2=" ">
         <marc:subfield code="a">Harries, Ivor</marc:subfield>
         <marc:subfield code="e">Cast/Actor</marc:subfield>
      </marc:datafield>
      <marc:datafield tag="720" ind1=" " ind2=" ">
         <marc:subfield code="a">Wassman, Diane</marc:subfield>
         <marc:subfield code="e">Cast/Actor</marc:subfield>
      </marc:datafield>
      <marc:datafield tag="720" ind1=" " ind2=" ">
         <marc:subfield code="a">Venza, Jac</marc:subfield>
         <marc:subfield code="e">Executive Producer</marc:subfield>
         <marc:subfield code="0">http://id.loc.gov/authorities/names/no93017967</marc:subfield>
      </marc:datafield>
      <marc:datafield tag="720" ind1=" " ind2=" ">
         <marc:subfield code="a">Canadian Broadcasting Corporation</marc:subfield>
         <marc:subfield code="e">Production Company</marc:subfield>
         <marc:subfield code="0">http://id.loc.gov/authorities/names/n80085267</marc:subfield>
      </marc:datafield>
      <marc:datafield tag="720" ind1=" " ind2=" ">
         <marc:subfield code="a">St. Pierre,
         Paul H.</marc:subfield>
         <marc:subfield code="e">Writer</marc:subfield>
         <marc:subfield code="0">http://id.loc.gov/authorities/names/n50048836</marc:subfield>
      </marc:datafield>
      <marc:datafield tag="720" ind1=" " ind2=" ">
         <marc:subfield code="a">Keatley, Philip</marc:subfield>
         <marc:subfield code="e">Producer</marc:subfield>
      </marc:datafield>
      <marc:datafield tag="720" ind1=" " ind2=" ">
         <marc:subfield code="a">Keatley, Philip</marc:subfield>
         <marc:subfield code="e">Director</marc:subfield>
      </marc:datafield>
      <marc:datafield tag="260" ind1=" " ind2=" ">
         <marc:subfield code="c">1970-5-14</marc:subfield>
      </marc:datafield>
      <marc:datafield tag="520" ind1=" " ind2=" ">
         <marc:subfield code="a">From NET microfiche, file S: This CBC drama written by Paul St. Pierre tells
         the story of a Cowichan Indian nun sent to teach at a newly built school for Indian
         children, located in the Yukon Territory. She is Sister Veronica (pronounced Sister
         "Balonika" by the children) and her familiarity with Indian ways and modern teaching
         methods brings her closer to her charge than her two colleagues, the Sister Superior Mary
         Agnes and Sister Grace. In comparison to Sister Superior, who is tied to the rigidity of
         traditional teaching methods who guides her own and the children lives by the bell - ten
         minutes to wash, ten minutes to play, -- Sister "Balonika" is less disciplined and a bit
         more frivolous. She loves to sing with the children and yield to her "sporting blood" by
         going fishing with "Telegraph Jim," one of the older girls. Eventually her "frivolity"
         leads her to neglect one of her duties - checking Sitkum Memaloos, an emotionally disturbed
         child, for matches. While Sister Belonika goes fishing, Sitkum sets fire to the school,
         resulting in the death of one child and injury of others. (PLEASE NOTE: A boy's very badly
         burned arm is seen on film several times.) Overcome by guilt, Sister Belonika goes away.
         But she is later ordered back to the school by the Sister Provincial who does not want
         Sister Belonika's guilt to prevent her from teaching the children and from offering them
         her laughter and song. Cast: Sister Belonika - Vi Powlan Sister Superior - Christine Greene
         Sister Grace - Susan Ringwood Forty Horse Johnson - Merv Campone Mother Provincial - Diane
         Wassman Bishop - Robert Clothier Priest - Terence Kelly Seahorse Johnson - Ivor Harries
         RCMP Corporal - Lloyd Barry Nans - Ramona McBean - Joy Metcalfe - Betty Tufts FILLER
         INFORMATION: A ten minute, black and white Polish short film, entitled "Little Sorrows,"
         will accompany NET Playhouse: "Sister Belonika." This study of a child's attempt to
         befriend various barnyard animals presents a sensuous picture of innocence striving to cope
         with the world at large.</marc:subfield>
      </marc:datafield>
      <marc:datafield tag="337" ind1=" " ind2=" ">
         <marc:subfield code="a">Moving Image</marc:subfield>
         <marc:subfield code="2">MAVIS media type controlled vocabulary</marc:subfield>
      </marc:datafield>
      <marc:datafield tag="024" ind1="8" ind2=" ">
         <marc:subfield code="a">2409132</marc:subfield>
         <marc:subfield code="2">MAVIS Title Number</marc:subfield>
      </marc:datafield>
      <marc:datafield tag="024" ind1="8" ind2=" ">
         <marc:subfield code="a">NPSB</marc:subfield>
         <marc:subfield code="2">NET/PBS NOLA</marc:subfield>
      </marc:datafield>
      <marc:datafield tag="024" ind1="8" ind2=" ">
         <marc:subfield code="a">0</marc:subfield>
         <marc:subfield code="2">NET/PBS number</marc:subfield>
      </marc:datafield>
      <marc:datafield tag="546" ind1=" " ind2=" ">
         <marc:subfield code="a">English</marc:subfield>
      </marc:datafield>
      <marc:datafield tag="653" ind1=" " ind2=" ">
         <marc:subfield code="a">Teacher-student relationships</marc:subfield>
         <marc:subfield code="0">http://id.loc.gov/authorities/subjects/sh85132960</marc:subfield>
      </marc:datafield>
      <marc:datafield tag="245" ind1="0" ind2="0">
         <marc:subfield code="a">NET playhouse. Sister Balonika.</marc:subfield>
         <marc:subfield code="b">Canadian Broadcasting Corporation ; NET
         presentation ; producer-director, Philip Keatley ; writer, Paul St. Pierre ; NET executive
         producer, Jac Venza.</marc:subfield>
      </marc:datafield>
      <marc:datafield tag="246" ind1="3" ind2="3">
         <marc:subfield code="a">Sister Balonika.</marc:subfield>
      </marc:datafield>
      <marc:datafield tag="246" ind1="3" ind2="3">
         <marc:subfield code="a">Little sorrows.</marc:subfield>
      </marc:datafield>
      <marc:datafield tag="655" ind1=" " ind2="0">
         <marc:subfield code="a">Fiction television programs
         (lcgft)</marc:subfield>
         <marc:subfield code="0">http://id.loc.gov/authorities/genreForms/gf2011026252\n</marc:subfield>
      </marc:datafield>
   </marc:record>