
   <marc:record>
      <marc:leader>      am         3u     </marc:leader>
      <marc:datafield tag="042" ind1=" " ind2=" ">
         <marc:subfield code="a">dc</marc:subfield>
      </marc:datafield>
      <marc:datafield tag="720" ind1=" " ind2=" ">
         <marc:subfield code="a">Damashek, Barbara</marc:subfield>
         <marc:subfield code="e">Cast/Actor</marc:subfield>
         <marc:subfield code="0">http://id.loc.gov/authorities/names/n89628636</marc:subfield>
      </marc:datafield>
      <marc:datafield tag="720" ind1=" " ind2=" ">
         <marc:subfield code="a">Damashek, Barbara</marc:subfield>
         <marc:subfield code="e">Music Director/Music Supervision</marc:subfield>
         <marc:subfield code="0">http://id.loc.gov/authorities/names/n89628636</marc:subfield>
      </marc:datafield>
      <marc:datafield tag="720" ind1=" " ind2=" ">
         <marc:subfield code="a">National Educational Television and Radio Center</marc:subfield>
         <marc:subfield code="e">Broadcaster</marc:subfield>
         <marc:subfield code="0">http://id.loc.gov/authorities/names/n80050382</marc:subfield>
      </marc:datafield>
      <marc:datafield tag="720" ind1=" " ind2=" ">
         <marc:subfield code="a">Clennon, David</marc:subfield>
         <marc:subfield code="e">Music Director/Music Supervision</marc:subfield>
         <marc:subfield code="0">http://id.loc.gov/authorities/names/n86025736</marc:subfield>
      </marc:datafield>
      <marc:datafield tag="720" ind1=" " ind2=" ">
         <marc:subfield code="a">Clennon, David</marc:subfield>
         <marc:subfield code="e">Cast/Actor</marc:subfield>
         <marc:subfield code="0">http://id.loc.gov/authorities/names/n86025736</marc:subfield>
      </marc:datafield>
      <marc:datafield tag="720" ind1=" " ind2=" ">
         <marc:subfield code="a">Ackroyd, David</marc:subfield>
         <marc:subfield code="e">Music Director/Music Supervision</marc:subfield>
         <marc:subfield code="0">http://id.loc.gov/authorities/names/no99002235</marc:subfield>
      </marc:datafield>
      <marc:datafield tag="720" ind1=" " ind2=" ">
         <marc:subfield code="a">Ackroyd, David</marc:subfield>
         <marc:subfield code="e">Cast/Actor</marc:subfield>
         <marc:subfield code="0">http://id.loc.gov/authorities/names/no99002235</marc:subfield>
      </marc:datafield>
      <marc:datafield tag="720" ind1=" " ind2=" ">
         <marc:subfield code="a">Sills, Paul</marc:subfield>
         <marc:subfield code="e">Conceived By</marc:subfield>
         <marc:subfield code="0">http://id.loc.gov/authorities/names/n85828988</marc:subfield>
      </marc:datafield>
      <marc:datafield tag="720" ind1=" " ind2=" ">
         <marc:subfield code="a">Loxton, David R.</marc:subfield>
         <marc:subfield code="e">Associate Producer</marc:subfield>
         <marc:subfield code="0">http://id.loc.gov/authorities/names/no93020618</marc:subfield>
      </marc:datafield>
      <marc:datafield tag="720" ind1=" " ind2=" ">
         <marc:subfield code="a">Yale
         Repertory Theatre</marc:subfield>
         <marc:subfield code="e">Performer</marc:subfield>
         <marc:subfield code="0">http://id.loc.gov/authorities/names/n82107833</marc:subfield>
      </marc:datafield>
      <marc:datafield tag="720" ind1=" " ind2=" ">
         <marc:subfield code="a">Michel, Carl</marc:subfield>
         <marc:subfield code="e">Costume Designer</marc:subfield>
         <marc:subfield code="0">http://id.loc.gov/authorities/names/n91031515</marc:subfield>
      </marc:datafield>
      <marc:datafield tag="720" ind1=" " ind2=" ">
         <marc:subfield code="a">Brick, Jim</marc:subfield>
         <marc:subfield code="e">Music Director/Music Supervision</marc:subfield>
         <marc:subfield code="0">http://id.loc.gov/authorities/names/nr2003040045</marc:subfield>
      </marc:datafield>
      <marc:datafield tag="720" ind1=" " ind2=" ">
         <marc:subfield code="a">National Educational Television and Radio Center</marc:subfield>
         <marc:subfield code="e">Production Company</marc:subfield>
         <marc:subfield code="0">http://id.loc.gov/authorities/names/n80050382</marc:subfield>
      </marc:datafield>
      <marc:datafield tag="720" ind1=" " ind2=" ">
         <marc:subfield code="a">Grimm,
         Jacob</marc:subfield>
         <marc:subfield code="e">Author/Based on</marc:subfield>
         <marc:subfield code="0">http://id.loc.gov/authorities/names/n78095680</marc:subfield>
      </marc:datafield>
      <marc:datafield tag="720" ind1=" " ind2=" ">
         <marc:subfield code="a">Grimm,
         Wilhelm</marc:subfield>
         <marc:subfield code="e">Author/Based on</marc:subfield>
         <marc:subfield code="0">http://id.loc.gov/authorities/names/n78095679</marc:subfield>
      </marc:datafield>
      <marc:datafield tag="720" ind1=" " ind2=" ">
         <marc:subfield code="a">Venza,
         Jac</marc:subfield>
         <marc:subfield code="e">Producer</marc:subfield>
         <marc:subfield code="0">http://id.loc.gov/authorities/names/no93017967</marc:subfield>
      </marc:datafield>
      <marc:datafield tag="720" ind1=" " ind2=" ">
         <marc:subfield code="a">Sarson,
         Christopher</marc:subfield>
         <marc:subfield code="e">Director</marc:subfield>
         <marc:subfield code="0">http://id.loc.gov/authorities/names/no2002112633</marc:subfield>
      </marc:datafield>
      <marc:datafield tag="260" ind1=" " ind2=" ">
         <marc:subfield code="c">1969-11-25</marc:subfield>
      </marc:datafield>
      <marc:datafield tag="260" ind1=" " ind2=" ">
         <marc:subfield code="c">1969-11-27</marc:subfield>
      </marc:datafield>
      <marc:datafield tag="260" ind1=" " ind2=" ">
         <marc:subfield code="c">1970-12-24</marc:subfield>
      </marc:datafield>
      <marc:datafield tag="520" ind1=" " ind2=" ">
         <marc:subfield code="a">From NET microfiche, file S: Mildred Dunnock and Alvin Epstein star in this
         Yale Repertory Theatre Company production of five fairy tales by the Brothers Grimm staged
         for adult by Paul Sills, co-founder and director of the original Second City troupe in
         Chicago. "Story Theatre" represents a concept developed by Sills - the use of imaginative
         staging and improvised gestures and mime to give theatrical life to traditional fables,
         while retaining the original narrative and dialogue of those fables. The titles in this
         production are: "The Golden Goose," "The Blue Light," "The Clever Gretel," "The Goose
         Girl," and "The Bremen Town Musicians." From NET microfiche, file T: Program Description:
         "Story Theatre" is not just one production, but a theatrical conception. Conceived and
         originally produced by director Paul Sills in his theater in Chicago, the idea of Story
         Theatre is an outgrowth of the games theater technique developed by his mother, Viola
         Spolin, the famous children's educator. Mr. Sills was co-founder and director of the
         original Second City Troupe, which was also based essentially on the improvisation concept
         embodied in the games theater technique. Mike Nichols, Elaine May, Alan Arkin, are among
         the many illustrious "Second City" alumnae. Robert Brustein, dean of the Yale School of
         Drama, described the Story Theatre idea thus: "It takes narrative fables and stories -
         either from the Brothers Grimm, Hans Christian Andersen, or medieval legend - and provides
         them with a life in the theatre through the actor's transforming imagination. Like the
         Oriental theatre, and the works modeled on this theatre by Yeats and Brecht, 'Story
         Theatre' is designed to be a pure and naive art. Gestures, mime, and transformation
         accompany spoken narrative in order to establish the circumstances of each fable; and by
         discouraging satirical or modernist interpretation of the techniques manages to uncover the
         dream like, universal reality of the great traditional tales." The dialogue and narrative
         of each story is as it appears in the original story. Nothing in re-written. It is the way
         it is staged which brings the story to theatrical life. The five stories chosen for this
         television version of Yale School of Drama Repertory Theatre production of "Story Theatre"
         are all taken from Grimm's Fairy Tales: "The Golden Goose;" "The Blue Light;" "The Clever
         Gretel;" "The Goose Girl;" and "The Bremen Town Musicians." The cast of this production
         includes professionals, two were in residence at Yale at that time (as was Mr. Sills),
         graduate (new professionals) and students. Musicians for all five stories: David Ackroyd,
         Jim Brick, David Clennon, Barbara Damashek. Brief background on the Yale School of Drama
         Repertory Theatre: A new training program was instituted at the venerable Yale School of
         Drama three years ago with the advent of its present clean, former theater critic Robert
         Brustein. The School has always been a conservatory for theater training in the heart of a
         great university, but Dean Brustein made some basic changes, most visible of which was the
         founding of the Repertory Theatre. The Yale Repertory Theatre is meant to serve as a model
         of theater activity, as a training ground for advanced student work, and as a channel for
         employment upon graduation. In effect, the training at the School of Drama is oriented
         toward its theater company. The co-company provides constant opportunities for observation
         and participation, as well as a continual flow of teachers from the professional world. The
         emphasis of company work is on the production of new plays and fresh interpretations of the
         classics. By thus establishing close connections between professional and student activity,
         the Yale School of Drama hopes to build a fund of theatrical talent upon which it can draw
         freely in future years, functioning as a home base for those who wish to work immediately
         with the company upon graduation, or to return at some future date after acquiring
         additional experience elsewhere. Filler material: During a break in the production, the
         actors discussed their feelings and thoughts about "Story Theatre," about Paul Sills and
         about the Yale Repertory Theatre Company. This taped discussion is broken into two segments
         - the first 3 minutes long and the second 5 minutes long - which will be used as filler
         between stories 3 and 4, and stories 4 and 5. NET Playhouse - "Theatre America: Story
         Theatre" is a National Educational Television production. Produced by Jac Venza. Associate
         producer: David Loxton. It was directed for television by Christopher Sarson. Original
         stage production conceived and directed by Paul Sills, directed in association with Larry
         Arrick. Costumes: Carl Michna Michell. Music by Barbara Damashek. Produced through the
         facilities of WGBH, Boston. The program was made possible in part by grants from the
         National Endowment for the Arts and the Rockefeller Foundation.</marc:subfield>
      </marc:datafield>
      <marc:datafield tag="024" ind1="8" ind2=" ">
         <marc:subfield code="a">2421295</marc:subfield>
         <marc:subfield code="2">MAVIS Title Number</marc:subfield>
      </marc:datafield>
      <marc:datafield tag="024" ind1="8" ind2=" ">
         <marc:subfield code="a">NPSY</marc:subfield>
         <marc:subfield code="2">NET/PBS NOLA</marc:subfield>
      </marc:datafield>
      <marc:datafield tag="024" ind1="8" ind2=" ">
         <marc:subfield code="a">0 (PBS-1994.xls Excel spreadsheet)</marc:subfield>
         <marc:subfield code="2">NET/PBS number</marc:subfield>
      </marc:datafield>
      <marc:datafield tag="024" ind1="8" ind2=" ">
         <marc:subfield code="a">165 (NET microfiche)</marc:subfield>
         <marc:subfield code="2">NET/PBS number</marc:subfield>
      </marc:datafield>
      <marc:datafield tag="024" ind1="8" ind2=" ">
         <marc:subfield code="a">219 (NET microfiche)</marc:subfield>
         <marc:subfield code="2">NET/PBS number</marc:subfield>
      </marc:datafield>
      <marc:datafield tag="787" ind1="0" ind2=" ">
         <marc:subfield code="w">1812585</marc:subfield>
         <marc:subfield code="n">MAVIS id number</marc:subfield>
      </marc:datafield>
      <marc:datafield tag="787" ind1="0" ind2=" ">
         <marc:subfield code="w">1821214</marc:subfield>
         <marc:subfield code="n">MAVIS id number</marc:subfield>
      </marc:datafield>
      <marc:datafield tag="787" ind1="0" ind2=" ">
         <marc:subfield code="w">2332533</marc:subfield>
         <marc:subfield code="n">MAVIS id number</marc:subfield>
      </marc:datafield>
      <marc:datafield tag="653" ind1=" " ind2=" ">
         <marc:subfield code="a">Fairy tales</marc:subfield>
         <marc:subfield code="0">http://id.loc.gov/authorities/subjects/sh85046925</marc:subfield>
      </marc:datafield>
      <marc:datafield tag="245" ind1="0" ind2="0">
         <marc:subfield code="a">NET playhouse. Story theatre.</marc:subfield>
         <marc:subfield code="b">National Educational Television ; produced
         through the facilities of WGBH, Boston ; producer, Jac Venza ; associate producer, David
         Loxton ; directed for television by Christopher Sarson ; original stage production
         conceived and directed by Paul Sils.</marc:subfield>
      </marc:datafield>
      <marc:datafield tag="246" ind1="3" ind2="3">
         <marc:subfield code="a">Story theatre.</marc:subfield>
      </marc:datafield>
      <marc:datafield tag="246" ind1="3" ind2="3">
         <marc:subfield code="a">NET playhouse.
         Theatre America. Story theatre.</marc:subfield>
      </marc:datafield>
      <marc:datafield tag="246" ind1="3" ind2="3">
         <marc:subfield code="a">The Bremen town musicians.</marc:subfield>
      </marc:datafield>
      <marc:datafield tag="246" ind1="3" ind2="3">
         <marc:subfield code="a">The blue light.</marc:subfield>
      </marc:datafield>
      <marc:datafield tag="246" ind1="3" ind2="3">
         <marc:subfield code="a">The clever Gretel.</marc:subfield>
      </marc:datafield>
      <marc:datafield tag="246" ind1="3" ind2="3">
         <marc:subfield code="a">The golden goose.</marc:subfield>
      </marc:datafield>
      <marc:datafield tag="246" ind1="3" ind2="3">
         <marc:subfield code="a">The goose girl.</marc:subfield>
      </marc:datafield>
      <marc:datafield tag="246" ind1="3" ind2="3">
         <marc:subfield code="a">NET playhouse. [No. 165], Story theatre.</marc:subfield>
      </marc:datafield>
      <marc:datafield tag="246" ind1="3" ind2="3">
         <marc:subfield code="a">NET playhouse. [No. 219], Story theatre.</marc:subfield>
      </marc:datafield>
      <marc:datafield tag="246" ind1="3" ind2="3">
         <marc:subfield code="a">Story theater.</marc:subfield>
      </marc:datafield>
      <marc:datafield tag="655" ind1=" " ind2="0">
         <marc:subfield code="a">Television adaptations
         (lcgft)</marc:subfield>
         <marc:subfield code="0">http://id.loc.gov/authorities/genreForms/gf2011026653\n</marc:subfield>
      </marc:datafield>
      <marc:datafield tag="655" ind1=" " ind2="0">
         <marc:subfield code="a">Anthology television programs
         (lcgft)</marc:subfield>
         <marc:subfield code="0">http://id.loc.gov/authorities/genreForms/gf2011026052</marc:subfield>
      </marc:datafield>
      <marc:datafield tag="655" ind1=" " ind2="0">
         <marc:subfield code="a">Children's television programs
         (lcgft)</marc:subfield>
         <marc:subfield code="0">http://id.loc.gov/authorities/genreForms/gf2011026127</marc:subfield>
      </marc:datafield>
      <marc:datafield tag="655" ind1=" " ind2="0">
         <marc:subfield code="a">Fiction television programs
         (lcgft)</marc:subfield>
         <marc:subfield code="0">http://id.loc.gov/authorities/genreForms/gf2011026252\n</marc:subfield>
      </marc:datafield>
   </marc:record>