
   <marc:record>
      <marc:leader>      am         3u     </marc:leader>
      <marc:datafield tag="042" ind1=" " ind2=" ">
         <marc:subfield code="a">dc</marc:subfield>
      </marc:datafield>
      <marc:datafield tag="720" ind1=" " ind2=" ">
         <marc:subfield code="a">National Educational Television and Radio Center</marc:subfield>
         <marc:subfield code="e">Broadcaster</marc:subfield>
         <marc:subfield code="0">http://id.loc.gov/authorities/names/n80050382</marc:subfield>
      </marc:datafield>
      <marc:datafield tag="720" ind1=" " ind2=" ">
         <marc:subfield code="a">Binford, Al</marc:subfield>
         <marc:subfield code="e">Commentator</marc:subfield>
      </marc:datafield>
      <marc:datafield tag="720" ind1=" " ind2=" ">
         <marc:subfield code="a">Yale
         Repertory Theatre</marc:subfield>
         <marc:subfield code="e">Cast/Actor</marc:subfield>
         <marc:subfield code="0">http://id.loc.gov/authorities/names/n82107833</marc:subfield>
      </marc:datafield>
      <marc:datafield tag="720" ind1=" " ind2=" ">
         <marc:subfield code="a">Graphic Films Corp.</marc:subfield>
         <marc:subfield code="e">Production Company</marc:subfield>
         <marc:subfield code="0">http://id.loc.gov/authorities/names/n82055907</marc:subfield>
      </marc:datafield>
      <marc:datafield tag="720" ind1=" " ind2=" ">
         <marc:subfield code="a">Grimm,
         Jacob</marc:subfield>
         <marc:subfield code="e">Author/Based on</marc:subfield>
         <marc:subfield code="0">http://id.loc.gov/authorities/names/n78095680</marc:subfield>
      </marc:datafield>
      <marc:datafield tag="720" ind1=" " ind2=" ">
         <marc:subfield code="a">Grimm,
         Wilhelm</marc:subfield>
         <marc:subfield code="e">Author/Based on</marc:subfield>
         <marc:subfield code="0">http://id.loc.gov/authorities/names/n78095679</marc:subfield>
      </marc:datafield>
      <marc:datafield tag="720" ind1=" " ind2=" ">
         <marc:subfield code="a">WHYY</marc:subfield>
         <marc:subfield code="e">Production Company</marc:subfield>
         <marc:subfield code="0">http://id.loc.gov/authorities/names/n81093452</marc:subfield>
      </marc:datafield>
      <marc:datafield tag="260" ind1=" " ind2=" ">
         <marc:subfield code="c">1970-1</marc:subfield>
      </marc:datafield>
      <marc:datafield tag="520" ind1=" " ind2=" ">
         <marc:subfield code="a">From NET microfiche: SERIES XII 30 Programs on Videotape General Description
         of Series Each program in WHAT'S NEW consists of individual segments, introduced and tied
         together with live linkage by Al Binford. WHAT'S NEW is intended for the seven to
         twelve-year-old age bracket, and each segment has the dual purpose of entertaining and
         instructing the child in some area of activity. The opening and closing animation was
         produced by Graphic Films in Hollywood. The linkage, however, was produced by WHYY-TV,
         Philadelphia. What's New #397: Story Theatre Initial NET Broadcast date: January 1970 This
         is a special children's version of NET Playhouse's "Theatre America: Story Theatre,"
         featuring the Yale Repertory Theatre Company in a performance of three Grimm's fairy tales.
         "Story Theatre" is not just one production, but a theatrical conception. Conceived and
         originally produced by director Paul Sills in his theater in Chicago, the idea of Story
         Theatre is an outgrowth of the games theater technique developed by his mother, Viola
         Spolin, the famous children's educator. Mr. Sills was co-founder and director of the
         original Second City Troupe, which was also based essentially on the improvisation concept
         embodied in the games theater technique. Mike Nichols, Elaine May, Alan Arkin, are among
         the many illustrious "Second City" alumni. Robert Bruestein, dean of the Yale School of
         Drama, describes the Story Theatre idea thus: "It takes narrative fables and stories -
         either from the Brothers Grimm, Hans Christian Andersen, or medieval legend - and provides
         them with a life in the theatre through the actor's transforming imagination. Like the
         Oriental theatre, and the works modeled on this theatre by Yeats and Brecht, 'Story
         Theatre' is designed to be a pure and nave art. Gestures, mime, and transformation
         accompany spoken narrative in order to establish the circumstances of each fable; and by
         discouraging satirical or modernist interpretation, the technique manages to uncover the
         dreamlike, universal reality of the great traditional tales." The dialogue and narrative of
         each story are as they appear in the original story. Nothing has been re-written. The way
         that it is staged brings each story to theatrical life. The three stories chosen for this
         special children's version are "The Golden Goose," "The Clever Gretel," and "The Bremen
         Town Musicians." The Cast: The Golden Goose Father - Michael Lombard Eldest Son - David
         Spielberg Second Son - David Clennon Youngest Son - David Ackroyd Mother - Mildred Dunnock
         Man in the Forest - Alvin Epstein 1st Innkeeper's Daughter - Joan Pape 2nd Innkeeper's
         Daughter - Pamela Jones King - Alvin Epstein Princess - Barbara Damashek The Clever Gretel
         Gretel - Mildred Dunnock Master - Michael Lombard Guest - Alvin Epstein The Bremen Town
         Musicians Ass - Alvin Epstein Dog - David Speilberg Cat - Michael Lombard Rooster - David
         Ackroyd Robbers - Joan Pape and David Clennon</marc:subfield>
      </marc:datafield>
      <marc:datafield tag="337" ind1=" " ind2=" ">
         <marc:subfield code="a">Moving Image</marc:subfield>
         <marc:subfield code="2">MAVIS media type controlled vocabulary</marc:subfield>
      </marc:datafield>
      <marc:datafield tag="024" ind1="8" ind2=" ">
         <marc:subfield code="a">2332533</marc:subfield>
         <marc:subfield code="2">MAVIS Title Number</marc:subfield>
      </marc:datafield>
      <marc:datafield tag="024" ind1="8" ind2=" ">
         <marc:subfield code="a">WNWS</marc:subfield>
         <marc:subfield code="2">NET/PBS NOLA</marc:subfield>
      </marc:datafield>
      <marc:datafield tag="024" ind1="8" ind2=" ">
         <marc:subfield code="a">397</marc:subfield>
         <marc:subfield code="2">NET/PBS number</marc:subfield>
      </marc:datafield>
      <marc:datafield tag="546" ind1=" " ind2=" ">
         <marc:subfield code="a">English</marc:subfield>
      </marc:datafield>
      <marc:datafield tag="787" ind1="0" ind2=" ">
         <marc:subfield code="w">2421295</marc:subfield>
         <marc:subfield code="n">MAVIS id number</marc:subfield>
      </marc:datafield>
      <marc:datafield tag="653" ind1=" " ind2=" ">
         <marc:subfield code="a">Fairy tales</marc:subfield>
         <marc:subfield code="0">http://id.loc.gov/authorities/subjects/sh85046925</marc:subfield>
      </marc:datafield>
      <marc:datafield tag="653" ind1=" " ind2=" ">
         <marc:subfield code="a">Sills, Paul</marc:subfield>
         <marc:subfield code="0">http://id.loc.gov/authorities/names/n85828988</marc:subfield>
      </marc:datafield>
      <marc:datafield tag="245" ind1="0" ind2="0">
         <marc:subfield code="a">What's new. [Series 12], Story theatre.</marc:subfield>
         <marc:subfield code="b">Graphic Films and WHYY.</marc:subfield>
      </marc:datafield>
      <marc:datafield tag="246" ind1="3" ind2="3">
         <marc:subfield code="a">Story theatre.</marc:subfield>
      </marc:datafield>
      <marc:datafield tag="246" ind1="3" ind2="3">
         <marc:subfield code="a">What's new. Story theater.</marc:subfield>
      </marc:datafield>
      <marc:datafield tag="246" ind1="3" ind2="3">
         <marc:subfield code="a">Story theater.</marc:subfield>
      </marc:datafield>
      <marc:datafield tag="246" ind1="3" ind2="3">
         <marc:subfield code="a">What's new XII. Story
         theatre.</marc:subfield>
      </marc:datafield>
      <marc:datafield tag="246" ind1="3" ind2="3">
         <marc:subfield code="a">What's new. [Series 12], Story
         theater.</marc:subfield>
      </marc:datafield>
      <marc:datafield tag="246" ind1="3" ind2="3">
         <marc:subfield code="a">What's new. Story theatre.</marc:subfield>
      </marc:datafield>
      <marc:datafield tag="246" ind1="3" ind2="3">
         <marc:subfield code="a">What's new. [No. 397], Story
         theater.</marc:subfield>
      </marc:datafield>
      <marc:datafield tag="246" ind1="3" ind2="3">
         <marc:subfield code="a">What's new. [No. 397], Story theatre.</marc:subfield>
      </marc:datafield>
      <marc:datafield tag="246" ind1="3" ind2="3">
         <marc:subfield code="a">What's new. [Series 12, no. 67], Story
         theatre.</marc:subfield>
      </marc:datafield>
      <marc:datafield tag="655" ind1=" " ind2="0">
         <marc:subfield code="a">Children's television programs
         (lcgft)</marc:subfield>
         <marc:subfield code="0">http://id.loc.gov/authorities/genreForms/gf2011026127</marc:subfield>
      </marc:datafield>
      <marc:datafield tag="655" ind1=" " ind2="0">
         <marc:subfield code="a">Fiction television programs
         (lcgft)</marc:subfield>
         <marc:subfield code="0">http://id.loc.gov/authorities/genreForms/gf2011026252\n</marc:subfield>
      </marc:datafield>
      <marc:datafield tag="655" ind1=" " ind2="0">
         <marc:subfield code="a">Televised plays (lcgft)</marc:subfield>
         <marc:subfield code="0">http://id.loc.gov/authorities/genreForms/gf2011026647</marc:subfield>
      </marc:datafield>
   </marc:record>