
   <marc:record>
      <marc:leader>      am         3u     </marc:leader>
      <marc:datafield tag="042" ind1=" " ind2=" ">
         <marc:subfield code="a">dc</marc:subfield>
      </marc:datafield>
      <marc:datafield tag="720" ind1=" " ind2=" ">
         <marc:subfield code="a">National Educational Television and Radio Center</marc:subfield>
         <marc:subfield code="e">Broadcaster</marc:subfield>
         <marc:subfield code="0">http://id.loc.gov/authorities/names/n80050382</marc:subfield>
      </marc:datafield>
      <marc:datafield tag="720" ind1=" " ind2=" ">
         <marc:subfield code="a">Yoneyama, Mamako</marc:subfield>
         <marc:subfield code="e">Participant</marc:subfield>
         <marc:subfield code="0">http://id.loc.gov/authorities/names/n97839893</marc:subfield>
      </marc:datafield>
      <marc:datafield tag="720" ind1=" " ind2=" ">
         <marc:subfield code="a"/>
         <marc:subfield code="e">Music Composer</marc:subfield>
      </marc:datafield>
      <marc:datafield tag="720" ind1=" " ind2=" ">
         <marc:subfield code="a">Neel, Alexander</marc:subfield>
         <marc:subfield code="e">Filmmaker</marc:subfield>
      </marc:datafield>
      <marc:datafield tag="260" ind1=" " ind2=" ">
         <marc:subfield code="c">1969-11-25</marc:subfield>
      </marc:datafield>
      <marc:datafield tag="260" ind1=" " ind2=" ">
         <marc:subfield code="c">1969-11-27</marc:subfield>
      </marc:datafield>
      <marc:datafield tag="260" ind1=" " ind2=" ">
         <marc:subfield code="c">1969</marc:subfield>
      </marc:datafield>
      <marc:datafield tag="520" ind1=" " ind2=" ">
         <marc:subfield code="a">From NET microfiche, file S: Mildred Dunnock and Alvin Epstein star in this
         Yale Repertory Theatre Company production of five fairy tales by the Brothers Grimm staged
         for adult by Paul Sills, co-founder and director of the original Second City troupe in
         Chicago. "Story Theatre" represents a concept developed by Sills - the use of imaginative
         staging and improvised gestures and mime to give theatrical life to traditional fables,
         while retaining the original narrative and dialogue of those fables. The titles in this
         production are: "The Golden Goose," "The Blue Light," "The Clever Gretel," "The Goose
         Girl," and "The Bremen Town Musicians." FILLER INFORMATION: "Mamako's Baggage" is an
         allegorical performance by a Japanese mime artist in which she carries around a weight,
         representing life's troubles. This short was produced by Alexander Neel, an independent San
         Francisco filmmaker. See content tab records for more detailed descriptions of filler and
         episode content. From NET microfiche, file T: Filler Information for NET Playhouse #165 -
         Theatre America: Story Theatre The filler for "Story Theatre" will be a 20-minute,
         black-and-white film entitled "Mamako's Baggage." This is the first film by Alexander Neel,
         a British filmmaker and features Mamako Yoneyama, the Japanese mime who is at present
         serving as mime coach at the American Conservatory Theatre in San Francisco. "Mamako's
         Baggage" blends music, dance, drama, photographic imagery and architecture, without
         dialogue. The action of the film is backed by a musical score by Howard Blake which calls
         for only three instruments: flute, harp and English horn. Mamako's Baggage" is an
         allegorical piece of luggage representing the burden of conscience and man's struggle to
         free himself from psychological and emotional restrictions. In a series of vignettes - in
         front of a row of homes, in a church, at an office plaza, a baggage locker, at an airport -
         the young girl wrestles with her burden. When she manages to rid herself of it, she feels
         lost. Reunited with it, she accepts it with grateful resignation, for although she cannot
         exist without it, it prohibits her from enjoying the world around her. In the final
         sequence of the film, the young girl finally surrenders her "baggage" in death, a death
         perhaps of the spirit crushed by the mental burden.</marc:subfield>
      </marc:datafield>
      <marc:datafield tag="024" ind1="8" ind2=" ">
         <marc:subfield code="a">2421307</marc:subfield>
         <marc:subfield code="2">MAVIS Title Number</marc:subfield>
      </marc:datafield>
      <marc:datafield tag="024" ind1="8" ind2=" ">
         <marc:subfield code="a">NPSY</marc:subfield>
         <marc:subfield code="2">NET/PBS number</marc:subfield>
      </marc:datafield>
      <marc:datafield tag="653" ind1=" " ind2=" ">
         <marc:subfield code="a">Mimes</marc:subfield>
         <marc:subfield code="0">http://id.loc.gov/authorities/subjects/sh85085453</marc:subfield>
      </marc:datafield>
      <marc:datafield tag="653" ind1=" " ind2=" ">
         <marc:subfield code="a">Conscience</marc:subfield>
         <marc:subfield code="0">http://id.loc.gov/authorities/subjects/sh85031226</marc:subfield>
      </marc:datafield>
      <marc:datafield tag="245" ind1="0" ind2="0">
         <marc:subfield code="a">Mamako's baggage.</marc:subfield>
         <marc:subfield code="b">filmmaker, Alexander Neel.</marc:subfield>
      </marc:datafield>
      <marc:datafield tag="246" ind1="3" ind2="3">
         <marc:subfield code="a">Baggage.</marc:subfield>
      </marc:datafield>
      <marc:datafield tag="655" ind1=" " ind2="0">
         <marc:subfield code="a">Fiction television programs
         (lcgft)</marc:subfield>
         <marc:subfield code="0">http://id.loc.gov/authorities/genreForms/gf2011026252\n</marc:subfield>
      </marc:datafield>
      <marc:datafield tag="655" ind1=" " ind2="0">
         <marc:subfield code="a">Short films (lcgft)</marc:subfield>
         <marc:subfield code="0">http://id.loc.gov/authorities/genreForms/gf2011026570</marc:subfield>
      </marc:datafield>
   </marc:record>