
   <marc:record>
      <marc:leader>      am         3u     </marc:leader>
      <marc:datafield tag="042" ind1=" " ind2=" ">
         <marc:subfield code="a">dc</marc:subfield>
      </marc:datafield>
      <marc:datafield tag="720" ind1=" " ind2=" ">
         <marc:subfield code="a">National Educational Television and Radio Center</marc:subfield>
         <marc:subfield code="e">Broadcaster</marc:subfield>
         <marc:subfield code="0">http://id.loc.gov/authorities/names/n80050382</marc:subfield>
      </marc:datafield>
      <marc:datafield tag="720" ind1=" " ind2=" ">
         <marc:subfield code="a">National
         Educational Television and Radio Center</marc:subfield>
         <marc:subfield code="e">Presenter</marc:subfield>
         <marc:subfield code="0">http://id.loc.gov/authorities/names/n80050382</marc:subfield>
      </marc:datafield>
      <marc:datafield tag="720" ind1=" " ind2=" ">
         <marc:subfield code="a">Bryant,
         Michael, 1928-2002</marc:subfield>
         <marc:subfield code="e">Cast/Actor</marc:subfield>
         <marc:subfield code="0">http://id.loc.gov/authorities/names/n87860195</marc:subfield>
      </marc:datafield>
      <marc:datafield tag="720" ind1=" " ind2=" ">
         <marc:subfield code="a">Denham,
         Maurice</marc:subfield>
         <marc:subfield code="e">Cast/Actor</marc:subfield>
         <marc:subfield code="0">http://id.loc.gov/authorities/names/no96047774</marc:subfield>
      </marc:datafield>
      <marc:datafield tag="720" ind1=" " ind2=" ">
         <marc:subfield code="a">James,
         Emrys</marc:subfield>
         <marc:subfield code="e">Cast/Actor</marc:subfield>
         <marc:subfield code="0">http://id.loc.gov/authorities/names/no2001019734</marc:subfield>
      </marc:datafield>
      <marc:datafield tag="720" ind1=" " ind2=" ">
         <marc:subfield code="a">Stanton, Barry</marc:subfield>
         <marc:subfield code="e">Cast/Actor</marc:subfield>
         <marc:subfield code="0">http://id.loc.gov/authorities/names/no99052306</marc:subfield>
      </marc:datafield>
      <marc:datafield tag="720" ind1=" " ind2=" ">
         <marc:subfield code="a">Mason,
         Margery</marc:subfield>
         <marc:subfield code="e">Cast/Actor</marc:subfield>
         <marc:subfield code="0">http://id.loc.gov/authorities/names/n85310666</marc:subfield>
      </marc:datafield>
      <marc:datafield tag="720" ind1=" " ind2=" ">
         <marc:subfield code="a">Dench,
         Judi</marc:subfield>
         <marc:subfield code="e">Cast/Actor</marc:subfield>
         <marc:subfield code="0">http://id.loc.gov/authorities/names/n87856331</marc:subfield>
      </marc:datafield>
      <marc:datafield tag="720" ind1=" " ind2=" ">
         <marc:subfield code="a">Josephs, Wilfred</marc:subfield>
         <marc:subfield code="e">Music Composer</marc:subfield>
         <marc:subfield code="0">http://id.loc.gov/authorities/names/n81067965</marc:subfield>
      </marc:datafield>
      <marc:datafield tag="720" ind1=" " ind2=" ">
         <marc:subfield code="a">British Broadcasting Corporation</marc:subfield>
         <marc:subfield code="e">Production Company</marc:subfield>
         <marc:subfield code="0">http://id.loc.gov/authorities/names/n79074359</marc:subfield>
      </marc:datafield>
      <marc:datafield tag="720" ind1=" " ind2=" ">
         <marc:subfield code="a">Morahan,
         Christopher</marc:subfield>
         <marc:subfield code="e">Director</marc:subfield>
         <marc:subfield code="0">http://id.loc.gov/authorities/names/no99012090</marc:subfield>
      </marc:datafield>
      <marc:datafield tag="720" ind1=" " ind2=" ">
         <marc:subfield code="a">Bakewell,
         Michael</marc:subfield>
         <marc:subfield code="e">Producer</marc:subfield>
         <marc:subfield code="0">http://id.loc.gov/authorities/names/no95026239</marc:subfield>
      </marc:datafield>
      <marc:datafield tag="720" ind1=" " ind2=" ">
         <marc:subfield code="a">Hopkins, John,
         1931-1998</marc:subfield>
         <marc:subfield code="e">Writer</marc:subfield>
         <marc:subfield code="0">http://id.loc.gov/authorities/names/n50028473</marc:subfield>
      </marc:datafield>
      <marc:datafield tag="720" ind1=" " ind2=" ">
         <marc:subfield code="a">Chessid, Kay</marc:subfield>
         <marc:subfield code="e">Producer</marc:subfield>
      </marc:datafield>
      <marc:datafield tag="260" ind1=" " ind2=" ">
         <marc:subfield code="c">1969-2-20</marc:subfield>
      </marc:datafield>
      <marc:datafield tag="260" ind1=" " ind2=" ">
         <marc:subfield code="c">1970-9-10</marc:subfield>
      </marc:datafield>
      <marc:datafield tag="520" ind1=" " ind2=" ">
         <marc:subfield code="a">From NET microfiche, T: General Description of Series: "Talking to a Stranger"
         is the overall title of four plays which tell the story of a weekend in the lives of the
         four members of the Stephens family, each from a different angle adding to the
         understanding of the whole situation. The telling is not consecutive. Each play
         concentrates on the same incidents but from the particular viewpoint of one of the four
         members of the family. The Stephens mother and father live alone now since their son Alan
         and daughter Terry have left home. Alan is married but pays regular visits to his parents
         and is a dutiful and "respectable" member of the family. Terry is "the wild one." She
         married a Negro man, more or less as a protest against her parents' respectability. Since
         her marriage broke up, she has been searching for some meaning to her life. Through her
         defiant promiscuity, she has become pregnant. On this particular weekend, Terry decides to
         go home to visit her parents in spite of the strains and tensions she knows such a visit
         imposes on all of them. Alan has been offered a job in Australia. He has chosen this
         weekend to discuss it with his parents who would probably never see him and his family
         again if he accepts the job. The tensions of the weekend lead to the suicide of the mother,
         apparently almost without reason. Talking to a Stranger #2: No Skill or Special Knowledge
         Required The second play is really about the father. It begins with the great tea-time row
         from the previous play. But we see through the father's eyes how it reminds him of the
         other rows and difficulties involving himself, his wife, and his daughter Terry, whom he
         loves more than any other member of the family. He now lives almost entirely in his
         memories: of a picnic when Terry was only four; football matches when Alan was a schoolboy;
         and one unwelcome memory of the first night of his marriage, when he was selfish and
         thoughtless with his new bride. This latter memory afflicts him in all his dealings with
         Terry and her emotional affairs. He prefers to remember her as the little girl for whom he
         was able to take away pain and fright. In any real crisis, he slides into the past, and on
         this critical day, he keeps trying to find an old photograph of Alan's football team. While
         he searches, the row between Terry and her mother reaches its climax, and over supper,
         after their children have gone, the two parents accuse each other of their failures. The
         mother realizes that the father blames everything on her and that all her self-sacrifice
         and efforts have gone for nothing. When he finally tells her that he hates her because she
         is younger and will be alive when he is dead, there is nothing left for her. Late that
         night, when the father comes downstairs from another daydream, while searching for the
         photograph, he finds all the crockery in the kitchen smashed and his wife dead in its
         midst.</marc:subfield>
      </marc:datafield>
      <marc:datafield tag="337" ind1=" " ind2=" ">
         <marc:subfield code="a">Moving Image</marc:subfield>
         <marc:subfield code="2">MAVIS media type controlled vocabulary</marc:subfield>
      </marc:datafield>
      <marc:datafield tag="024" ind1="8" ind2=" ">
         <marc:subfield code="a">2459478</marc:subfield>
         <marc:subfield code="2">MAVIS Title Number</marc:subfield>
      </marc:datafield>
      <marc:datafield tag="024" ind1="8" ind2=" ">
         <marc:subfield code="a">NPTT</marc:subfield>
         <marc:subfield code="2">NET/PBS NOLA</marc:subfield>
      </marc:datafield>
      <marc:datafield tag="024" ind1="8" ind2=" ">
         <marc:subfield code="a">2 (PBS-1994.xls)</marc:subfield>
         <marc:subfield code="2">NET/PBS number</marc:subfield>
      </marc:datafield>
      <marc:datafield tag="024" ind1="8" ind2=" ">
         <marc:subfield code="a">125 (NET playhouse)</marc:subfield>
         <marc:subfield code="2">NET/PBS number</marc:subfield>
      </marc:datafield>
      <marc:datafield tag="024" ind1="8" ind2=" ">
         <marc:subfield code="a">204 (NET playhouse)</marc:subfield>
         <marc:subfield code="2">NET/PBS number</marc:subfield>
      </marc:datafield>
      <marc:datafield tag="546" ind1=" " ind2=" ">
         <marc:subfield code="a">English</marc:subfield>
      </marc:datafield>
      <marc:datafield tag="653" ind1=" " ind2=" ">
         <marc:subfield code="a">Suicide</marc:subfield>
         <marc:subfield code="0">http://id.loc.gov/authorities/subjects/sh85129742</marc:subfield>
      </marc:datafield>
      <marc:datafield tag="653" ind1=" " ind2=" ">
         <marc:subfield code="a">Dysfunctional families</marc:subfield>
         <marc:subfield code="0">http://id.loc.gov/authorities/subjects/sh85107107</marc:subfield>
      </marc:datafield>
      <marc:datafield tag="245" ind1="0" ind2="0">
         <marc:subfield code="a">NET playhouse. Talking to a stranger. No skill or
         special knowledge required.</marc:subfield>
         <marc:subfield code="b">a National Educational Television presentation
         ; produced by Michael Bakewell for the British Broadcasting Corporation ; directed by
         Christopher Morahan ; NET producer, Kay Chessid ; written by John Richard
         Hopkins.</marc:subfield>
      </marc:datafield>
      <marc:datafield tag="246" ind1="3" ind2="3">
         <marc:subfield code="a">Talking to a stranger. No skill or
         special knowledge required.</marc:subfield>
      </marc:datafield>
      <marc:datafield tag="246" ind1="3" ind2="3">
         <marc:subfield code="a">No skill or special knowledge
         required.</marc:subfield>
      </marc:datafield>
      <marc:datafield tag="246" ind1="3" ind2="3">
         <marc:subfield code="a">Talking to a stranger. [No. 2], No
         skill or special knowledge required.</marc:subfield>
      </marc:datafield>
      <marc:datafield tag="246" ind1="3" ind2="3">
         <marc:subfield code="a">NET playhouse. [No. 125], Talking to a stranger. [No.
         2], No skill or special knowledge required.</marc:subfield>
      </marc:datafield>
      <marc:datafield tag="246" ind1="3" ind2="3">
         <marc:subfield code="a">NET playhouse. [No. 204], Talking to a stranger. [No.
         2], No skill or special knowledge required.</marc:subfield>
      </marc:datafield>
      <marc:datafield tag="655" ind1=" " ind2="0">
         <marc:subfield code="a">Fiction television programs
         (lcgft)</marc:subfield>
         <marc:subfield code="0">http://id.loc.gov/authorities/genreForms/gf2011026252\n</marc:subfield>
      </marc:datafield>
      <marc:datafield tag="655" ind1=" " ind2="0">
         <marc:subfield code="a">Televised plays (lcgft)</marc:subfield>
         <marc:subfield code="0">http://id.loc.gov/authorities/genreForms/gf2011026647</marc:subfield>
      </marc:datafield>
   </marc:record>