
   <marc:record>
      <marc:leader>      am         3u     </marc:leader>
      <marc:datafield tag="042" ind1=" " ind2=" ">
         <marc:subfield code="a">dc</marc:subfield>
      </marc:datafield>
      <marc:datafield tag="720" ind1=" " ind2=" ">
         <marc:subfield code="a">Flanders, Ed</marc:subfield>
         <marc:subfield code="e">Cast/Actor</marc:subfield>
         <marc:subfield code="0">http://id.loc.gov/authorities/names/n85322443</marc:subfield>
      </marc:datafield>
      <marc:datafield tag="720" ind1=" " ind2=" ">
         <marc:subfield code="a">Flanders, Ed</marc:subfield>
         <marc:subfield code="e">Cast/Actor</marc:subfield>
         <marc:subfield code="0">http://id.loc.gov/authorities/names/n85322443</marc:subfield>
      </marc:datafield>
      <marc:datafield tag="720" ind1=" " ind2=" ">
         <marc:subfield code="a">Zerbe,
         Anthony</marc:subfield>
         <marc:subfield code="e">Cast/Actor</marc:subfield>
         <marc:subfield code="0">http://id.loc.gov/authorities/names/n85322467</marc:subfield>
      </marc:datafield>
      <marc:datafield tag="720" ind1=" " ind2=" ">
         <marc:subfield code="a">National Educational Television and Radio Center</marc:subfield>
         <marc:subfield code="e">Broadcaster</marc:subfield>
         <marc:subfield code="0">http://id.loc.gov/authorities/names/n80050382</marc:subfield>
      </marc:datafield>
      <marc:datafield tag="720" ind1=" " ind2=" ">
         <marc:subfield code="a">Champion, Marge</marc:subfield>
         <marc:subfield code="e">Cast/Actor</marc:subfield>
         <marc:subfield code="0">http://id.loc.gov/authorities/names/n94120346</marc:subfield>
      </marc:datafield>
      <marc:datafield tag="720" ind1=" " ind2=" ">
         <marc:subfield code="a">Champion, Marge</marc:subfield>
         <marc:subfield code="e">Cast/Actor</marc:subfield>
         <marc:subfield code="0">http://id.loc.gov/authorities/names/n94120346</marc:subfield>
      </marc:datafield>
      <marc:datafield tag="720" ind1=" " ind2=" ">
         <marc:subfield code="a">Kobe,
         Gail</marc:subfield>
         <marc:subfield code="e">Cast/Actor</marc:subfield>
         <marc:subfield code="0">http://id.loc.gov/authorities/names/no89012871</marc:subfield>
      </marc:datafield>
      <marc:datafield tag="720" ind1=" " ind2=" ">
         <marc:subfield code="a">Reale, Joseph</marc:subfield>
         <marc:subfield code="e">Cast/Actor</marc:subfield>
      </marc:datafield>
      <marc:datafield tag="720" ind1=" " ind2=" ">
         <marc:subfield code="a">McKinsey, Beverlee</marc:subfield>
         <marc:subfield code="e">Cast/Actor</marc:subfield>
         <marc:subfield code="0">http://id.loc.gov/authorities/names/n2017026389</marc:subfield>
      </marc:datafield>
      <marc:datafield tag="720" ind1=" " ind2=" ">
         <marc:subfield code="a">O'Connor, Tim</marc:subfield>
         <marc:subfield code="e">Cast/Actor</marc:subfield>
         <marc:subfield code="0">http://id.loc.gov/authorities/names/no2016168431</marc:subfield>
      </marc:datafield>
      <marc:datafield tag="720" ind1=" " ind2=" ">
         <marc:subfield code="a">Proctor, Philip</marc:subfield>
         <marc:subfield code="e">Cast/Actor</marc:subfield>
         <marc:subfield code="0">http://id.loc.gov/authorities/names/n93037695</marc:subfield>
      </marc:datafield>
      <marc:datafield tag="720" ind1=" " ind2=" ">
         <marc:subfield code="a">Westcott, Helen</marc:subfield>
         <marc:subfield code="e">Cast/Actor</marc:subfield>
         <marc:subfield code="0">http://id.loc.gov/authorities/names/n97046844</marc:subfield>
      </marc:datafield>
      <marc:datafield tag="720" ind1=" " ind2=" ">
         <marc:subfield code="a">National Educational Television and Radio Center</marc:subfield>
         <marc:subfield code="e">Production Company</marc:subfield>
         <marc:subfield code="0">http://id.loc.gov/authorities/names/n80050382</marc:subfield>
      </marc:datafield>
      <marc:datafield tag="720" ind1=" " ind2=" ">
         <marc:subfield code="a">KCET (Television station : Los Angeles, Calif.)</marc:subfield>
         <marc:subfield code="e">Production Company</marc:subfield>
         <marc:subfield code="0">http://id.loc.gov/authorities/names/n50082227</marc:subfield>
      </marc:datafield>
      <marc:datafield tag="720" ind1=" " ind2=" ">
         <marc:subfield code="a">Wilson,
         Lanford</marc:subfield>
         <marc:subfield code="e">Writer</marc:subfield>
         <marc:subfield code="0">http://id.loc.gov/authorities/names/n79114272</marc:subfield>
      </marc:datafield>
      <marc:datafield tag="720" ind1=" " ind2=" ">
         <marc:subfield code="a">Venza,
         Jac</marc:subfield>
         <marc:subfield code="e">Producer</marc:subfield>
         <marc:subfield code="0">http://id.loc.gov/authorities/names/no93017967</marc:subfield>
      </marc:datafield>
      <marc:datafield tag="720" ind1=" " ind2=" ">
         <marc:subfield code="a">Larson, Jack.</marc:subfield>
         <marc:subfield code="e">Writer</marc:subfield>
      </marc:datafield>
      <marc:datafield tag="720" ind1=" " ind2=" ">
         <marc:subfield code="a">Patrick,
         Robert, 1937-</marc:subfield>
         <marc:subfield code="e">Writer</marc:subfield>
         <marc:subfield code="0">http://id.loc.gov/authorities/names/n80005747</marc:subfield>
      </marc:datafield>
      <marc:datafield tag="720" ind1=" " ind2=" ">
         <marc:subfield code="a">Gurney, A.
         R.</marc:subfield>
         <marc:subfield code="e">Writer</marc:subfield>
         <marc:subfield code="0">http://id.loc.gov/authorities/names/n50020353</marc:subfield>
      </marc:datafield>
      <marc:datafield tag="720" ind1=" " ind2=" ">
         <marc:subfield code="a">Dunlap,
         Richard</marc:subfield>
         <marc:subfield code="e">Director</marc:subfield>
         <marc:subfield code="0">http://id.loc.gov/authorities/names/n83171518</marc:subfield>
      </marc:datafield>
      <marc:datafield tag="720" ind1=" " ind2=" ">
         <marc:subfield code="a">Van Itallie,
         Jean Claude</marc:subfield>
         <marc:subfield code="e">Writer</marc:subfield>
         <marc:subfield code="0">http://id.loc.gov/authorities/names/n50044942</marc:subfield>
      </marc:datafield>
      <marc:datafield tag="720" ind1=" " ind2=" ">
         <marc:subfield code="a">Barclay,
         Jered</marc:subfield>
         <marc:subfield code="e">Director</marc:subfield>
         <marc:subfield code="0">http://id.loc.gov/authorities/names/n2017026401</marc:subfield>
      </marc:datafield>
      <marc:datafield tag="720" ind1=" " ind2=" ">
         <marc:subfield code="a">Parone,
         Edward</marc:subfield>
         <marc:subfield code="e">Director</marc:subfield>
         <marc:subfield code="0">http://id.loc.gov/authorities/names/no2008132653</marc:subfield>
      </marc:datafield>
      <marc:datafield tag="720" ind1=" " ind2=" ">
         <marc:subfield code="a">Thie,
         Sharon</marc:subfield>
         <marc:subfield code="e">Writer</marc:subfield>
         <marc:subfield code="0">http://id.loc.gov/authorities/names/n85119650</marc:subfield>
      </marc:datafield>
      <marc:datafield tag="260" ind1=" " ind2=" ">
         <marc:subfield code="c">1968-11-15</marc:subfield>
      </marc:datafield>
      <marc:datafield tag="260" ind1=" " ind2=" ">
         <marc:subfield code="c">1969-11-13</marc:subfield>
      </marc:datafield>
      <marc:datafield tag="520" ind1=" " ind2=" ">
         <marc:subfield code="a">From NET microfiche: Program Description: This program is part of NET's
         "Theatre America" series, dealing with the regional, resident, repertory, and experimental
         theaters across the United States. The project, which includes documentary as well as
         dramatic programs, was made possible in part by grants from the National Endowment for the
         Arts and the Rockefeller Foundation. "New Theatre for Now" is the over-all title for a
         program of five dramatic pieces: four dramatic vignettes varying in length from three to
         ten minutes each; and one two-character, one-act play. The name of each play (in order of
         its appearance on the program), its cast and a brief description of each follows:
         "Wandering" by Lanford Wilson The life story of a man is told in three minutes. Like a
         series of still photographs, in tiny flashes, this play catches the telling relationships
         of a whole life. Cast: Boy - Philip Proctor She - Gail Kobe He - Ed Flanders "Chuck" by
         Jack Larson A young magazine salesman knocks on a door. He offers bargain rates, but the
         housewife is angry because she has had to leave the "real" world of her television set. It
         is only when the plight of the young man becomes more exciting and interesting than her
         television program (he has an epileptic fit) does she react to him. Cast: Mrs. Wilcox -
         Marge Champion Chuck - Joseph Reale "Thoughts on the Instant of Greeting a Friend on the
         Street" by Jean-Claude van Itallie and Sharon Thie Two friends meet on the street. They say
         "Hello, how are you?" and "Fine, thank you." But what is going on in their minds during
         their ten-second exchange reveals the sort of thing that could be behind every automatic
         response. Cast: Man - Anthony Zerbe Woman - Beverlee McKinsey "Camera Obscura" by Robert
         Patrick The time is the not-too-distant future. Two young people are brought together by a
         computer. But the mechanized world is between them. They can communicate only by means of
         microphones and cameras. Cast: She - Marge Champion He - Ed Flanders "The Golden Fleece" by
         A. R. Gurney, Jr. Betty and Bill, a modern suburban couple -- very average young people -
         have two most extraordinary friends: Jason and Medea. Through their friends, they have
         gotten to see, and even touch, the Golden Fleece. At the time of the play, Betty and Bill
         have decided to share the Fleece and to introduce Jason and Medea. They have chosen a TV
         studio in order to display the Golden Fleece. But Jason and Medea are delayed. And, as the
         audience waits for news of when -- or if - they will show up, they begin to hear reports
         from their host and hostess of the off-stage tragedy which is even now taking place. Cast:
         Bill - Tim O'Connor Betty - Helen Westcott The Center Theatre Group at the Mark Taper Forum
         Although productions, under the aegis of the Center Theatre Group, are also given at the
         large (2,100 seat) Ahmanson Theatre in the Los Angeles Music Center, for the purposes of
         the "New Theatre for Now" program, NET has focused on the Center Theatre Group's theatrical
         activities in the Mark Taper Forum, a smaller (750 seat), arena-shaped playhouse in the
         Music Center cultural complex. These activities are designed to encourage new American
         playwrights, provide an outlet for their talents, and deepen audience participation. During
         its initial two seasons at the Forum under the artistic direction of Gordon Davidson, the
         Center Theatre Group has presented the work of 27 new playwrights, avoided the standard and
         safe in its choice of plays, and taken the lead in the production of new plays outside New
         York City. "New Theatre for Now: Mondays at the Forum" is the name of the Group's
         Monday-night experimental play series at the Mark Taper Forum. All the plays on the NFT
         Playhouse: Theatre America - "New Theatre for Now" program (with the exception of "Camera
         Obscura") were first presented on these Monday-night showcase performances. After their
         premieres in Los Angeles on the Monday night series, "Wandering," "Chuck" and "Thoughts on
         the Instant of Greeting a Friend on the Street" went on to success as part of an evening of
         short plays entitled "Collision Course." "The Golden Fleece," the last and longest play on
         the NET Playhouse program, has a success story of its own. After its two initial
         Monday-night performances, it was brought into the Group's regular repertory season at the
         Forum for sixty-eight performances. The segment consisting of Lanford Wilson's play,
         "Wandering" was submitted to the 1969 Atlanta Film Festival by Group One, the Los Angeles
         film production company which shot the play for the NET program. It received a Golden Medal
         in the experimental category. Suggested Newspaper Listing: NET Playhouse - "Theatre
         America: New Theatre for Now" - The Los Angeles Center Theatre Group at the Mark Taper
         Forum in a bill of four dramatic vignettes and a two-character, one-act play, all by new
         American playwrights. NET Playhouse - Theatre America: "New Theatre for Now" is a National
         Educational Television production, produced through the facilities of KCET-TV in Los
         Angeles. Producer: Jac Venza. Director: Richard Dunlap. Stage direction for "The Golden
         Fleece" was by Jered Barclay. Stage direction and television conception for "Wandering,"
         "Chuck," "Thoughts," and "Camera Obscura" by Edward Parone. All of the plays on "New
         Theatre for Now" were originally presented during the Monday night experimental play series
         of the Center Theatre Group at the Mark Taper Forum in Los Angeles. The director of the
         Center Theatre Group is Elliot Martin. Artistic director of the Mark Taper Forum is Gordon
         Davidson. The Monday night series is under the direction of Edward Parone.</marc:subfield>
      </marc:datafield>
      <marc:datafield tag="337" ind1=" " ind2=" ">
         <marc:subfield code="a">Moving Image</marc:subfield>
         <marc:subfield code="2">MAVIS media type controlled vocabulary</marc:subfield>
      </marc:datafield>
      <marc:datafield tag="024" ind1="8" ind2=" ">
         <marc:subfield code="a">2336012</marc:subfield>
         <marc:subfield code="2">MAVIS Title Number</marc:subfield>
      </marc:datafield>
      <marc:datafield tag="024" ind1="8" ind2=" ">
         <marc:subfield code="a">NPNT</marc:subfield>
         <marc:subfield code="2">NET/PBS NOLA</marc:subfield>
      </marc:datafield>
      <marc:datafield tag="024" ind1="8" ind2=" ">
         <marc:subfield code="a">101 (PBS-1994.xls Excel spreadsheet)</marc:subfield>
         <marc:subfield code="2">NET/PBS number</marc:subfield>
      </marc:datafield>
      <marc:datafield tag="024" ind1="8" ind2=" ">
         <marc:subfield code="a">111 (NET microfiche)</marc:subfield>
         <marc:subfield code="2">NET/PBS number</marc:subfield>
      </marc:datafield>
      <marc:datafield tag="024" ind1="8" ind2=" ">
         <marc:subfield code="a">163 (NET microfiche)</marc:subfield>
         <marc:subfield code="2">NET/PBS number</marc:subfield>
      </marc:datafield>
      <marc:datafield tag="546" ind1=" " ind2=" ">
         <marc:subfield code="a">English</marc:subfield>
      </marc:datafield>
      <marc:datafield tag="653" ind1=" " ind2=" ">
         <marc:subfield code="a">Experimental theater</marc:subfield>
         <marc:subfield code="0">http://id.loc.gov/authorities/subjects/sh85046445</marc:subfield>
      </marc:datafield>
      <marc:datafield tag="653" ind1=" " ind2=" ">
         <marc:subfield code="a">Center Theatre Group of Los
         Angeles</marc:subfield>
         <marc:subfield code="0">http://id.loc.gov/authorities/names/n87131374</marc:subfield>
      </marc:datafield>
      <marc:datafield tag="245" ind1="0" ind2="0">
         <marc:subfield code="a">NET playhouse. Theatre America. New theatre for
         now.</marc:subfield>
         <marc:subfield code="b">a National Educational Television production,
         produced through the facilities of KCET-TV, Los Angeles ; producer, Jac Venza ; director,
         Richard Dunlap ; stage direction for "The Golden Fleece" by Jered Barclay ; stage direction
         and television conception for "Wandering," "Chuck," "Thoughts," and "Camera Obscura" by
         Edward Parone. </marc:subfield>
      </marc:datafield>
      <marc:datafield tag="246" ind1="3" ind2="3">
         <marc:subfield code="a">Theatre America. New theatre for
         now.</marc:subfield>
      </marc:datafield>
      <marc:datafield tag="246" ind1="3" ind2="3">
         <marc:subfield code="a">New theatre for now.</marc:subfield>
      </marc:datafield>
      <marc:datafield tag="246" ind1="3" ind2="3">
         <marc:subfield code="a">New theater for now.</marc:subfield>
      </marc:datafield>
      <marc:datafield tag="246" ind1="3" ind2="3">
         <marc:subfield code="a">Theatre in America. New theatre for
         now.</marc:subfield>
      </marc:datafield>
      <marc:datafield tag="246" ind1="3" ind2="3">
         <marc:subfield code="a">The golden fleece.</marc:subfield>
      </marc:datafield>
      <marc:datafield tag="246" ind1="3" ind2="3">
         <marc:subfield code="a">Camera obscura.</marc:subfield>
      </marc:datafield>
      <marc:datafield tag="246" ind1="3" ind2="3">
         <marc:subfield code="a">Chuck.</marc:subfield>
      </marc:datafield>
      <marc:datafield tag="246" ind1="3" ind2="3">
         <marc:subfield code="a">Thoughts on the instant of greeting a
         friend on the street.</marc:subfield>
      </marc:datafield>
      <marc:datafield tag="246" ind1="3" ind2="3">
         <marc:subfield code="a">Wandering.</marc:subfield>
      </marc:datafield>
      <marc:datafield tag="246" ind1="3" ind2="3">
         <marc:subfield code="a">NET playhouse. [No. 163], Theatre America. New
         theatre for now.</marc:subfield>
      </marc:datafield>
      <marc:datafield tag="246" ind1="3" ind2="3">
         <marc:subfield code="a">NET playhouse. [No. 111], Theatre America. New
         theatre for now.</marc:subfield>
      </marc:datafield>
      <marc:datafield tag="246" ind1="3" ind2="3">
         <marc:subfield code="a">NET playhouse. [1968-11-15]. Theatre America. New
         theatre for now.</marc:subfield>
      </marc:datafield>
      <marc:datafield tag="246" ind1="3" ind2="3">
         <marc:subfield code="a">NET playhouse. [1969-11-13]. Theatre America. New
         theatre for now.</marc:subfield>
      </marc:datafield>
      <marc:datafield tag="655" ind1=" " ind2="0">
         <marc:subfield code="a">Nonfiction television programs
         (lcgft)</marc:subfield>
         <marc:subfield code="0">http://id.loc.gov/authorities/genreForms/gf2011026425</marc:subfield>
      </marc:datafield>
      <marc:datafield tag="655" ind1=" " ind2="0">
         <marc:subfield code="a">Televised plays (lcgft)</marc:subfield>
         <marc:subfield code="0">http://id.loc.gov/authorities/genreForms/gf2011026647</marc:subfield>
      </marc:datafield>
   </marc:record>