
   <marc:record>
      <marc:leader>      am         3u     </marc:leader>
      <marc:datafield tag="042" ind1=" " ind2=" ">
         <marc:subfield code="a">dc</marc:subfield>
      </marc:datafield>
      <marc:datafield tag="720" ind1=" " ind2=" ">
         <marc:subfield code="a">National Educational Television and Radio Center</marc:subfield>
         <marc:subfield code="e">Broadcaster</marc:subfield>
         <marc:subfield code="0">http://id.loc.gov/authorities/names/n80050382</marc:subfield>
      </marc:datafield>
      <marc:datafield tag="720" ind1=" " ind2=" ">
         <marc:subfield code="a">National
         Educational Television and Radio Center</marc:subfield>
         <marc:subfield code="e">Presenter</marc:subfield>
         <marc:subfield code="0">http://id.loc.gov/authorities/names/n80050382</marc:subfield>
      </marc:datafield>
      <marc:datafield tag="720" ind1=" " ind2=" ">
         <marc:subfield code="a">Fugard,
         Athol</marc:subfield>
         <marc:subfield code="e">Cast/Actor</marc:subfield>
         <marc:subfield code="0">http://id.loc.gov/authorities/names/n50023729</marc:subfield>
      </marc:datafield>
      <marc:datafield tag="720" ind1=" " ind2=" ">
         <marc:subfield code="a">Hyatt, Charles</marc:subfield>
         <marc:subfield code="e">Cast/Actor</marc:subfield>
      </marc:datafield>
      <marc:datafield tag="720" ind1=" " ind2=" ">
         <marc:subfield code="a">British Broadcasting Corporation</marc:subfield>
         <marc:subfield code="e">Production Company</marc:subfield>
         <marc:subfield code="0">http://id.loc.gov/authorities/names/n79074359</marc:subfield>
      </marc:datafield>
      <marc:datafield tag="720" ind1=" " ind2=" ">
         <marc:subfield code="a">Fugard, Athol</marc:subfield>
         <marc:subfield code="e">Author/Based on</marc:subfield>
         <marc:subfield code="0">http://id.loc.gov/authorities/names/n50023729</marc:subfield>
      </marc:datafield>
      <marc:datafield tag="720" ind1=" " ind2=" ">
         <marc:subfield code="a">Midgley,
         Robin</marc:subfield>
         <marc:subfield code="e">Director</marc:subfield>
         <marc:subfield code="0">http://id.loc.gov/authorities/names/n2009052232</marc:subfield>
      </marc:datafield>
      <marc:datafield tag="720" ind1=" " ind2=" ">
         <marc:subfield code="a">Chessid, Kay</marc:subfield>
         <marc:subfield code="e">Producer</marc:subfield>
      </marc:datafield>
      <marc:datafield tag="260" ind1=" " ind2=" ">
         <marc:subfield code="c">1969-1-30</marc:subfield>
      </marc:datafield>
      <marc:datafield tag="520" ind1=" " ind2=" ">
         <marc:subfield code="a">From NET microfiche: Program Description: Set in South Africa, "The Blood
         Knot" explores, in a heightened near poetic style, the relationship between two brothers -
         one black and one who could pass for white. The dark brother wants a pen pal and
         unwittingly writes to a white girl, who replies, thinking him white. In discussing the
         situation, the two brothers bring to the surface some turbulent emotions aroused by the
         racial dilemma in which they find themselves. They spend all their meager savings to buy a
         suit for the white-skinned brother to wear to meet the girl. Finally, even this meeting is
         dismissed as a hopeless ambition. Passing as white would mean accepting the white man's
         values and abandoning his black brother. The ties of blood are too strong. Notes on the
         playwright: Athol Fugard is one of South Africa's leading playwrights and a member of the
         country's community of concerned intellectuals engaged in combatting South African
         apartheid policies. Fugard lives with his wife and child in a small village outside Port
         Elizabeth and until last year, he was free to travel to and from South Africa for theater
         and television commitments abroad. In June of 1967 the South African government relieved
         him of his passport with no reason given for their action. He is now permitted freedom of
         movement within South Africa, but were he to leave the country he would not be allowed to
         return. "The Blood Knot" was first performed in a small, crude theater workshop in
         Johannesburg and subsequently in theaters all over the world. It enjoyed a successful run
         in New York in 1964 with James Earl Jones of "The Great White Hope" portraying the black
         brother, Zach and J.D. Cannon as Morris. The Cast: Morris - Athol Fugard Zach - Charles
         Hyatt NET Playhouse - "The Blood Knot" is a National Educational Television presentation,
         produced by Michael Bakewell for the British Broadcasting Corporation. It was directed by
         Robin Midgley. Producer for NET: Kay Chessid</marc:subfield>
      </marc:datafield>
      <marc:datafield tag="337" ind1=" " ind2=" ">
         <marc:subfield code="a">Moving Image</marc:subfield>
         <marc:subfield code="2">MAVIS media type controlled vocabulary</marc:subfield>
      </marc:datafield>
      <marc:datafield tag="024" ind1="8" ind2=" ">
         <marc:subfield code="a">1654637</marc:subfield>
         <marc:subfield code="2">MAVIS Title Number</marc:subfield>
      </marc:datafield>
      <marc:datafield tag="024" ind1="8" ind2=" ">
         <marc:subfield code="a">NPBK</marc:subfield>
         <marc:subfield code="2">NET/PBS NOLA</marc:subfield>
      </marc:datafield>
      <marc:datafield tag="024" ind1="8" ind2=" ">
         <marc:subfield code="a">0</marc:subfield>
         <marc:subfield code="2">NET/PBS number</marc:subfield>
      </marc:datafield>
      <marc:datafield tag="546" ind1=" " ind2=" ">
         <marc:subfield code="a">English</marc:subfield>
      </marc:datafield>
      <marc:datafield tag="653" ind1=" " ind2=" ">
         <marc:subfield code="a">Brothers</marc:subfield>
         <marc:subfield code="0">http://id.loc.gov/authorities/subjects/sh85017223</marc:subfield>
      </marc:datafield>
      <marc:datafield tag="653" ind1=" " ind2=" ">
         <marc:subfield code="a">Passing (Identity)</marc:subfield>
         <marc:subfield code="0">http://id.loc.gov/authorities/subjects/sh95008487</marc:subfield>
      </marc:datafield>
      <marc:datafield tag="245" ind1="0" ind2="0">
         <marc:subfield code="a">NET playhouse. The blood knot.</marc:subfield>
         <marc:subfield code="b">Produced by Michael Bakewell for the British
         Broadcasting Corporation ; National Educational Television presentation ; director, Robin
         Midgley ; [writer], Athol Fugard ; producer for NET, Kay Chessid.</marc:subfield>
      </marc:datafield>
      <marc:datafield tag="246" ind1="3" ind2="3">
         <marc:subfield code="a">Blood knot.</marc:subfield>
      </marc:datafield>
      <marc:datafield tag="246" ind1="3" ind2="3">
         <marc:subfield code="a">Conquest.</marc:subfield>
      </marc:datafield>
      <marc:datafield tag="246" ind1="3" ind2="3">
         <marc:subfield code="a">Theatre 625. [1967-06-12], Conquest.
         The blood knot.</marc:subfield>
      </marc:datafield>
      <marc:datafield tag="655" ind1=" " ind2="0">
         <marc:subfield code="a">Television adaptations
         (lcgft)</marc:subfield>
         <marc:subfield code="0">http://id.loc.gov/authorities/genreForms/gf2011026653\n</marc:subfield>
      </marc:datafield>
      <marc:datafield tag="655" ind1=" " ind2="0">
         <marc:subfield code="a">Fiction television programs
         (lcgft)</marc:subfield>
         <marc:subfield code="0">http://id.loc.gov/authorities/genreForms/gf2011026252\n</marc:subfield>
      </marc:datafield>
   </marc:record>