
   <marc:record>
      <marc:leader>      am         3u     </marc:leader>
      <marc:datafield tag="042" ind1=" " ind2=" ">
         <marc:subfield code="a">dc</marc:subfield>
      </marc:datafield>
      <marc:datafield tag="720" ind1=" " ind2=" ">
         <marc:subfield code="a">National Educational Television and Radio Center</marc:subfield>
         <marc:subfield code="e">Broadcaster</marc:subfield>
         <marc:subfield code="0">http://id.loc.gov/authorities/names/n80050382</marc:subfield>
      </marc:datafield>
      <marc:datafield tag="260" ind1=" " ind2=" ">
         <marc:subfield code="c">1965-1-4</marc:subfield>
      </marc:datafield>
      <marc:datafield tag="520" ind1=" " ind2=" ">
         <marc:subfield code="a">NET playhouse. The Changeling, followed by a filler program, A conversation
         between James Day and Nancy Hanks.</marc:subfield>
      </marc:datafield>
      <marc:datafield tag="337" ind1=" " ind2=" ">
         <marc:subfield code="a">Moving Image</marc:subfield>
         <marc:subfield code="2">MAVIS media type controlled vocabulary</marc:subfield>
      </marc:datafield>
      <marc:datafield tag="024" ind1="8" ind2=" ">
         <marc:subfield code="a">1654753</marc:subfield>
         <marc:subfield code="2">MAVIS Title Number</marc:subfield>
      </marc:datafield>
      <marc:datafield tag="546" ind1=" " ind2=" ">
         <marc:subfield code="a">English</marc:subfield>
      </marc:datafield>
      <marc:datafield tag="787" ind1="0" ind2=" ">
         <marc:subfield code="w">2454174</marc:subfield>
         <marc:subfield code="n">MAVIS id number</marc:subfield>
         <marc:subfield code="m">Content 1</marc:subfield>
      </marc:datafield>
      <marc:datafield tag="787" ind1="0" ind2=" ">
         <marc:subfield code="w">2329844</marc:subfield>
         <marc:subfield code="n">MAVIS id number</marc:subfield>
         <marc:subfield code="m">Content 2</marc:subfield>
      </marc:datafield>
      <marc:datafield tag="245" ind1="0" ind2="0">
         <marc:subfield code="a">[NET playhouse. The changeling ; A
         conversation between James Day and Nancy Hanks].</marc:subfield>
      </marc:datafield>
      <marc:datafield tag="246" ind1="3" ind2="3">
         <marc:subfield code="a">Blood and thunder. [1965-01-04], The
         changeling.</marc:subfield>
      </marc:datafield>
   </marc:record>