
   <marc:record>
      <marc:leader>      am         3u     </marc:leader>
      <marc:datafield tag="042" ind1=" " ind2=" ">
         <marc:subfield code="a">dc</marc:subfield>
      </marc:datafield>
      <marc:datafield tag="720" ind1=" " ind2=" ">
         <marc:subfield code="a">McCowen, Alec</marc:subfield>
         <marc:subfield code="e">Cast/Actor</marc:subfield>
         <marc:subfield code="0">http://id.loc.gov/authorities/names/n79081597</marc:subfield>
      </marc:datafield>
      <marc:datafield tag="720" ind1=" " ind2=" ">
         <marc:subfield code="a">National Educational Television and Radio Center</marc:subfield>
         <marc:subfield code="e">Broadcaster</marc:subfield>
         <marc:subfield code="0">http://id.loc.gov/authorities/names/n80050382</marc:subfield>
      </marc:datafield>
      <marc:datafield tag="720" ind1=" " ind2=" ">
         <marc:subfield code="a">National
         Educational Television and Radio Center</marc:subfield>
         <marc:subfield code="e">Presenter</marc:subfield>
         <marc:subfield code="0">http://id.loc.gov/authorities/names/n80050382</marc:subfield>
      </marc:datafield>
      <marc:datafield tag="720" ind1=" " ind2=" ">
         <marc:subfield code="a">Sinden,
         Donald</marc:subfield>
         <marc:subfield code="e">Cast/Actor</marc:subfield>
         <marc:subfield code="0">http://id.loc.gov/authorities/names/n82142110</marc:subfield>
      </marc:datafield>
      <marc:datafield tag="720" ind1=" " ind2=" ">
         <marc:subfield code="a">Welsh,
         John, 1904-1985</marc:subfield>
         <marc:subfield code="e">Cast/Actor</marc:subfield>
         <marc:subfield code="0">http://id.loc.gov/authorities/names/no93004858</marc:subfield>
      </marc:datafield>
      <marc:datafield tag="720" ind1=" " ind2=" ">
         <marc:subfield code="a">Richardson, Ian, 1934-2007</marc:subfield>
         <marc:subfield code="e">Cast/Actor</marc:subfield>
         <marc:subfield code="0">http://id.loc.gov/authorities/names/n80097324</marc:subfield>
      </marc:datafield>
      <marc:datafield tag="720" ind1=" " ind2=" ">
         <marc:subfield code="a">Shakespeare, William, 1564-1616</marc:subfield>
         <marc:subfield code="e">Author/Based on</marc:subfield>
         <marc:subfield code="0">http://id.loc.gov/authorities/names/n78095332</marc:subfield>
      </marc:datafield>
      <marc:datafield tag="720" ind1=" " ind2=" ">
         <marc:subfield code="a">British Broadcasting Corporation</marc:subfield>
         <marc:subfield code="e">Production Company</marc:subfield>
         <marc:subfield code="0">http://id.loc.gov/authorities/names/n79074359</marc:subfield>
      </marc:datafield>
      <marc:datafield tag="720" ind1=" " ind2=" ">
         <marc:subfield code="a">Luke,
         Peter</marc:subfield>
         <marc:subfield code="e">Producer</marc:subfield>
         <marc:subfield code="0">http://id.loc.gov/authorities/names/n50039174</marc:subfield>
      </marc:datafield>
      <marc:datafield tag="720" ind1=" " ind2=" ">
         <marc:subfield code="a">Williams,
         Clifford, 1926-</marc:subfield>
         <marc:subfield code="e">Producer</marc:subfield>
         <marc:subfield code="0">http://id.loc.gov/authorities/names/n96064033</marc:subfield>
      </marc:datafield>
      <marc:datafield tag="720" ind1=" " ind2=" ">
         <marc:subfield code="a">Duguid,
         Peter</marc:subfield>
         <marc:subfield code="e">Director</marc:subfield>
         <marc:subfield code="0">http://id.loc.gov/authorities/names/no2010074267</marc:subfield>
      </marc:datafield>
      <marc:datafield tag="260" ind1=" " ind2=" ">
         <marc:subfield code="c">1967-1-13</marc:subfield>
      </marc:datafield>
      <marc:datafield tag="260" ind1=" " ind2=" ">
         <marc:subfield code="c">1964-1-1</marc:subfield>
      </marc:datafield>
      <marc:datafield tag="520" ind1=" " ind2=" ">
         <marc:subfield code="a">From NET microfiche, file C: Description of series: Shakespeare's "The Comedy
         of Errors," performed by the Royal Shakespeare Company, has been one of the most successful
         productions ever staged by this internationally famous theater and has toured the United
         States, Canada and Eastern Europe. It was the first of the company's productions to be
         televised direct from its London headquarters at the Aldwych Theatre before an audience.
         The play is a comedy of mistaken identity. To Ephesus, a town known for black magic comes
         Antipholus, a young gentleman of Syracuse and his servant, Dromio. Unknown to them, there
         live in Ephesus their long-lost twin brothers who bear the same names. The plot consists of
         a number of ingeniously contrived situations in which either of the brothers from Syracuse
         is mistaken for those of Ephesus, and vice versa. Deeply involved in these tangles is
         Adriana, wife of Antipholus of Ephesus, who even has to go so far to engage one Pinch,
         schoolmaster and conjuror, to help her apparent husband regain his wits. The Cast: Solinus,
         Duke of Ephesus - Donald Sinden Aegeon, a merchant of Syracuse - John Welsh Antipholus of
         Ephesus - Ian Richardson Antipholus of Syracuse - Alex McCowen Dromio of Ephesus - Clifford
         Rose Dromio of Syracuse - Barry MacGregor Baltnazar, a merchant - Michael Murray Angelo, a
         goldsmith - Ken Wynne First merchant - Philip Brack Second merchant - John Hussey Pinch -
         Derek Smith An Officer - John Corvin A Messenger - Ronald Falk A Goaler - Martin Jenkins
         Aemilia, an abbess at Ephesus, wife to Aegeon - Madoline Thomas Adrianna, wife to
         Antipholus of Ephesus - Diana Rigg Luciana, her sister - Janet Suzman Luce, servant to
         Adrianna - Caroline Maud A Courtezan - Susan Engel With: Barbara Barnett, Shaun Curry,
         Valerie Cutts, James Falkland, Peter Geddis, Brian Harrison, Marshall Jones, Robert
         Jennings, Philippa Urquhart, Tim Wylton The Comedy of Errors is a National Educational
         Television presentation, a production of BBC. Production for the Royal Shakespeare Company
         is by Clifford Williams. Production for television by Peter Luke, Directed by Peter Daguid
         N.E.T Playhouse - The Comedy of Errors: The Royal Shakespeare Company perform Shakespeare's
         comedy of mistaken identity. Televised at the Aldwych Theatre, London before an audience,
         Alec McCown and Ian Richardson star</marc:subfield>
      </marc:datafield>
      <marc:datafield tag="337" ind1=" " ind2=" ">
         <marc:subfield code="a">Moving Image</marc:subfield>
         <marc:subfield code="2">MAVIS media type controlled vocabulary</marc:subfield>
      </marc:datafield>
      <marc:datafield tag="024" ind1="8" ind2=" ">
         <marc:subfield code="a">2412239</marc:subfield>
         <marc:subfield code="2">MAVIS Title Number</marc:subfield>
      </marc:datafield>
      <marc:datafield tag="024" ind1="8" ind2=" ">
         <marc:subfield code="a">NPCE</marc:subfield>
         <marc:subfield code="2">NET/PBS NOLA</marc:subfield>
      </marc:datafield>
      <marc:datafield tag="024" ind1="8" ind2=" ">
         <marc:subfield code="a">0 (PBS-1994.xls spreadsheet)</marc:subfield>
         <marc:subfield code="2">NET/PBS number</marc:subfield>
      </marc:datafield>
      <marc:datafield tag="024" ind1="8" ind2=" ">
         <marc:subfield code="a">15 (NET microfiche, file N)</marc:subfield>
         <marc:subfield code="2">NET/PBS number</marc:subfield>
      </marc:datafield>
      <marc:datafield tag="546" ind1=" " ind2=" ">
         <marc:subfield code="a">English</marc:subfield>
      </marc:datafield>
      <marc:datafield tag="653" ind1=" " ind2=" ">
         <marc:subfield code="a">Mistaken identity</marc:subfield>
         <marc:subfield code="0">http://id.loc.gov/authorities/subjects/sh96007084</marc:subfield>
      </marc:datafield>
      <marc:datafield tag="245" ind1="0" ind2="0">
         <marc:subfield code="a">NET playhouse. The comedy of errors.</marc:subfield>
         <marc:subfield code="b">BBC ; National Educational Television
         presentation ; production for the Royal Shakespeare Company is by Clifford Williams ;
         production for television by Peter Luke ; director, Peter Daguid.</marc:subfield>
      </marc:datafield>
      <marc:datafield tag="246" ind1="3" ind2="3">
         <marc:subfield code="a">The comedy of errors.</marc:subfield>
      </marc:datafield>
      <marc:datafield tag="246" ind1="3" ind2="3">
         <marc:subfield code="a">NET playhouse. [No. 15], The comedy of
         errors.</marc:subfield>
      </marc:datafield>
      <marc:datafield tag="655" ind1=" " ind2="0">
         <marc:subfield code="a">Television comedies (lcgft)</marc:subfield>
         <marc:subfield code="0">http://id.loc.gov/authorities/genreForms/gf2011026654\n</marc:subfield>
      </marc:datafield>
      <marc:datafield tag="655" ind1=" " ind2="0">
         <marc:subfield code="a">Fiction television programs
         (lcgft)</marc:subfield>
         <marc:subfield code="0">http://id.loc.gov/authorities/genreForms/gf2011026252\n</marc:subfield>
      </marc:datafield>
      <marc:datafield tag="655" ind1=" " ind2="0">
         <marc:subfield code="a">Televised performances
         (lcgft)</marc:subfield>
         <marc:subfield code="0">http://id.loc.gov/authorities/genreForms/gf2011026646</marc:subfield>
      </marc:datafield>
   </marc:record>