
   <marc:record>
      <marc:leader>      am         3u     </marc:leader>
      <marc:datafield tag="042" ind1=" " ind2=" ">
         <marc:subfield code="a">dc</marc:subfield>
      </marc:datafield>
      <marc:datafield tag="720" ind1=" " ind2=" ">
         <marc:subfield code="a">Evans,
         Clifford</marc:subfield>
         <marc:subfield code="e">Cast/Actor</marc:subfield>
         <marc:subfield code="0">http://id.loc.gov/authorities/names/n2003082201</marc:subfield>
      </marc:datafield>
      <marc:datafield tag="720" ind1=" " ind2=" ">
         <marc:subfield code="a">Westbrook, John, 1922-</marc:subfield>
         <marc:subfield code="e">Cast/Actor</marc:subfield>
         <marc:subfield code="0">http://id.loc.gov/authorities/names/n91121828</marc:subfield>
      </marc:datafield>
      <marc:datafield tag="720" ind1=" " ind2=" ">
         <marc:subfield code="a">National Educational Television and Radio Center</marc:subfield>
         <marc:subfield code="e">Broadcaster</marc:subfield>
         <marc:subfield code="0">http://id.loc.gov/authorities/names/n80050382</marc:subfield>
      </marc:datafield>
      <marc:datafield tag="720" ind1=" " ind2=" ">
         <marc:subfield code="a">Savory, Gerald</marc:subfield>
         <marc:subfield code="e">Adapter/Dramatization</marc:subfield>
         <marc:subfield code="0">http://id.loc.gov/authorities/names/n94002986</marc:subfield>
      </marc:datafield>
      <marc:datafield tag="720" ind1=" " ind2=" ">
         <marc:subfield code="a">Cuka,
         Frances</marc:subfield>
         <marc:subfield code="e">Cast/Actor</marc:subfield>
         <marc:subfield code="0">http://id.loc.gov/authorities/names/no2001019108</marc:subfield>
      </marc:datafield>
      <marc:datafield tag="720" ind1=" " ind2=" ">
         <marc:subfield code="a">Flood,
         Gerald</marc:subfield>
         <marc:subfield code="e">Cast/Actor</marc:subfield>
         <marc:subfield code="0">http://id.loc.gov/authorities/names/no2011047210</marc:subfield>
      </marc:datafield>
      <marc:datafield tag="720" ind1=" " ind2=" ">
         <marc:subfield code="a">Anderson, Gene</marc:subfield>
         <marc:subfield code="e">Cast/Actor</marc:subfield>
         <marc:subfield code="0">http://id.loc.gov/authorities/names/no2017041121</marc:subfield>
      </marc:datafield>
      <marc:datafield tag="720" ind1=" " ind2=" ">
         <marc:subfield code="a">Hardy, Laurence, 1911-1982</marc:subfield>
         <marc:subfield code="e">Cast/Actor</marc:subfield>
      </marc:datafield>
      <marc:datafield tag="720" ind1=" " ind2=" ">
         <marc:subfield code="a">Phillips, Peter</marc:subfield>
         <marc:subfield code="e">Set Designer/Set Decorator</marc:subfield>
      </marc:datafield>
      <marc:datafield tag="720" ind1=" " ind2=" ">
         <marc:subfield code="a">Granada Television</marc:subfield>
         <marc:subfield code="e">Production Company</marc:subfield>
         <marc:subfield code="0">http://id.loc.gov/authorities/names/n50057708</marc:subfield>
      </marc:datafield>
      <marc:datafield tag="720" ind1=" " ind2=" ">
         <marc:subfield code="a">Granville-Barker, Harley</marc:subfield>
         <marc:subfield code="e">Writer</marc:subfield>
         <marc:subfield code="0">http://id.loc.gov/authorities/names/n79084024</marc:subfield>
      </marc:datafield>
      <marc:datafield tag="720" ind1=" " ind2=" ">
         <marc:subfield code="a">Chessid, Kay</marc:subfield>
         <marc:subfield code="e">Producer</marc:subfield>
      </marc:datafield>
      <marc:datafield tag="720" ind1=" " ind2=" ">
         <marc:subfield code="a">Amyes,
         Julian</marc:subfield>
         <marc:subfield code="e">Producer</marc:subfield>
         <marc:subfield code="0">http://id.loc.gov/authorities/names/n87838405</marc:subfield>
      </marc:datafield>
      <marc:datafield tag="260" ind1=" " ind2=" ">
         <marc:subfield code="c">1968-12-27</marc:subfield>
      </marc:datafield>
      <marc:datafield tag="520" ind1=" " ind2=" ">
         <marc:subfield code="a">From NET microfiche: The Madras House is a great London Bond Street fashion
         house owned and operated by the Huxtable and Madras family combination. For twenty-six
         years the Madras House has clothed the most brilliant and aristocratic women in London
         society. Now it is to be sold to an American millionaire, Mr. Eustace Perrin State, who
         plans to turn it into a chain of provincial ladies' fashion stores. Although the action of
         the play revolves around this sale, the development of the story concerns the lives of the
         members of the Huxtable and Madras families, and their reactions to the social and economic
         changes of Edwardian England. Granville-Barker has embodied in his characters, the clashing
         attitudes of that rapidly-changing time toward sex, women's rights, labor, etc. The major
         characters include: Henry Huxtable, "titular" head of his household (and Madras House)
         since an illness, is a well-meaning but stuffy and prosperous businessman. Katherine, his
         church-going, self-righteous wife, is the "very model" of a Victorian, middle-class matron.
         They have six unmarried daughters in various stages of frustration and boredom. Constantine
         (Charles) Madras is Henry's brother-in-law, the creative force (he was a celebrated dress
         designer) and founder of the Madras House. He is married to Henry's tearful, self-pitying
         sister, Amelia. Constantine embodies the "Turk in every man." He left Amelia (whom he
         betrayed over and over) to settle in Arabia. There embraced Mohammedianism and apparently
         many other wives, never bothering to divorce Amelia. He has now come back to Europe for the
         last time to participate in the sale of the Madras House. Philip Madras, only son of Amelia
         and Constantine, is the director of Madras House. He is in opposition to the divergent
         convictions of both his father and his uncle. Appalled at poverty and social inequities, he
         is looking toward government service. He is so involved with the problems of his time that
         he fails to see the problem in his own marriage. Philip's wife, Jessica, is a perfect
         Edwardian beauty of education and breeding without enough responsibility to occupy her very
         considerable gifts of intelligence and talent. Neglected by Philip, she has started to
         flirt with his friend and business partner, Major Hippisly Thomas. About the Playwright
         Harley Granville-Baker (1877-1946), English critic, dramatist, director and actor. In the
         early part of the 20th century he was chiefly known for his portrayals of roles in plays by
         Bernard Shaw, many of which he also produced. In addition to "The Madras House," he is also
         remembered as the author of "The Voysey Inheritance." His best known contributions to the
         stage however, are his critical works on the staging of Shakespeare, which set new
         standards for his time and are still used today. Followed by filler program, Parade, a
         short film by Derek Hill and Kevin Brownlow.</marc:subfield>
      </marc:datafield>
      <marc:datafield tag="024" ind1="8" ind2=" ">
         <marc:subfield code="a">2429459</marc:subfield>
         <marc:subfield code="2">MAVIS Title Number</marc:subfield>
      </marc:datafield>
      <marc:datafield tag="024" ind1="8" ind2=" ">
         <marc:subfield code="a">NPEM</marc:subfield>
         <marc:subfield code="2">NET/PBS NOLA</marc:subfield>
      </marc:datafield>
      <marc:datafield tag="024" ind1="8" ind2=" ">
         <marc:subfield code="a">0 (PBS-1994.xls)</marc:subfield>
         <marc:subfield code="2">NET/PBS number</marc:subfield>
      </marc:datafield>
      <marc:datafield tag="024" ind1="8" ind2=" ">
         <marc:subfield code="a">117 (NET microfiche)</marc:subfield>
         <marc:subfield code="2">NET/PBS number</marc:subfield>
      </marc:datafield>
      <marc:datafield tag="024" ind1="8" ind2=" ">
         <marc:subfield code="a">152 (NET microfiche)</marc:subfield>
         <marc:subfield code="2">NET/PBS number</marc:subfield>
      </marc:datafield>
      <marc:datafield tag="653" ind1=" " ind2=" ">
         <marc:subfield code="a">Great Britain--Social life and
         customs--20th century</marc:subfield>
         <marc:subfield code="0">http://id.loc.gov/authorities/subjects/sh85056953</marc:subfield>
      </marc:datafield>
      <marc:datafield tag="653" ind1=" " ind2=" ">
         <marc:subfield code="a">Families--Great Britain</marc:subfield>
         <marc:subfield code="0">http://id.loc.gov/authorities/subjects/sh2008103503</marc:subfield>
      </marc:datafield>
      <marc:datafield tag="245" ind1="0" ind2="0">
         <marc:subfield code="a">NET playhouse. The Madras House.</marc:subfield>
         <marc:subfield code="b">a National Educational Television presentation
         ; produced by Granada TV ; Granada TV producer, Julian Amyes ; NET producer, Kay Chessid ;
         adapted for television by Gerald Savory.</marc:subfield>
      </marc:datafield>
      <marc:datafield tag="246" ind1="3" ind2="3">
         <marc:subfield code="a">The Madras House.</marc:subfield>
      </marc:datafield>
      <marc:datafield tag="246" ind1="3" ind2="3">
         <marc:subfield code="a">NET playhouse. [1968-12-27]. The Madras
         House.</marc:subfield>
      </marc:datafield>
      <marc:datafield tag="246" ind1="3" ind2="3">
         <marc:subfield code="a">NET playhouse. [No. 117], The Madras
         House.</marc:subfield>
      </marc:datafield>
      <marc:datafield tag="246" ind1="3" ind2="3">
         <marc:subfield code="a">NET playhouse. [No. 152], The Madras
         House.</marc:subfield>
      </marc:datafield>
      <marc:datafield tag="655" ind1=" " ind2="0">
         <marc:subfield code="a">Nonfiction television programs
         (lcgft)</marc:subfield>
         <marc:subfield code="0">http://id.loc.gov/authorities/genreForms/gf2011026425</marc:subfield>
      </marc:datafield>
      <marc:datafield tag="655" ind1=" " ind2="0">
         <marc:subfield code="a">Televised plays (lcgft)</marc:subfield>
         <marc:subfield code="0">http://id.loc.gov/authorities/genreForms/gf2011026647</marc:subfield>
      </marc:datafield>
   </marc:record>