
   <marc:record>
      <marc:leader>      am         3u     </marc:leader>
      <marc:datafield tag="042" ind1=" " ind2=" ">
         <marc:subfield code="a">dc</marc:subfield>
      </marc:datafield>
      <marc:datafield tag="720" ind1=" " ind2=" ">
         <marc:subfield code="a">National Educational Television and Radio Center</marc:subfield>
         <marc:subfield code="e">Broadcaster</marc:subfield>
         <marc:subfield code="0">http://id.loc.gov/authorities/names/n80050382</marc:subfield>
      </marc:datafield>
      <marc:datafield tag="720" ind1=" " ind2=" ">
         <marc:subfield code="a">Addinsell,
         Richard</marc:subfield>
         <marc:subfield code="e">Music</marc:subfield>
         <marc:subfield code="0">http://id.loc.gov/authorities/names/n82153087</marc:subfield>
      </marc:datafield>
      <marc:datafield tag="720" ind1=" " ind2=" ">
         <marc:subfield code="a">Kendal,
         Felicity</marc:subfield>
         <marc:subfield code="e">Cast/Actor</marc:subfield>
         <marc:subfield code="0">http://id.loc.gov/authorities/names/n88116725</marc:subfield>
      </marc:datafield>
      <marc:datafield tag="720" ind1=" " ind2=" ">
         <marc:subfield code="a">Hulke, Sally</marc:subfield>
         <marc:subfield code="e">Designer</marc:subfield>
      </marc:datafield>
      <marc:datafield tag="720" ind1=" " ind2=" ">
         <marc:subfield code="a">Gielgud, John</marc:subfield>
         <marc:subfield code="e">Cast/Actor</marc:subfield>
         <marc:subfield code="0">http://id.loc.gov/authorities/names/n80049919</marc:subfield>
      </marc:datafield>
      <marc:datafield tag="720" ind1=" " ind2=" ">
         <marc:subfield code="a">British Broadcasting Corporation</marc:subfield>
         <marc:subfield code="e">Production Company</marc:subfield>
         <marc:subfield code="0">http://id.loc.gov/authorities/names/n79074359</marc:subfield>
      </marc:datafield>
      <marc:datafield tag="720" ind1=" " ind2=" ">
         <marc:subfield code="a">Midgley,
         Robin</marc:subfield>
         <marc:subfield code="e">Director</marc:subfield>
         <marc:subfield code="0">http://id.loc.gov/authorities/names/n2009052232</marc:subfield>
      </marc:datafield>
      <marc:datafield tag="720" ind1=" " ind2=" ">
         <marc:subfield code="a">Chessid, Kay</marc:subfield>
         <marc:subfield code="e">Producer</marc:subfield>
      </marc:datafield>
      <marc:datafield tag="720" ind1=" " ind2=" ">
         <marc:subfield code="a"/>
         <marc:subfield code="e">Writer</marc:subfield>
      </marc:datafield>
      <marc:datafield tag="720" ind1=" " ind2=" ">
         <marc:subfield code="a">Harris, Lionel</marc:subfield>
         <marc:subfield code="e">Producer</marc:subfield>
      </marc:datafield>
      <marc:datafield tag="260" ind1=" " ind2=" ">
         <marc:subfield code="c">1968-10-11</marc:subfield>
      </marc:datafield>
      <marc:datafield tag="260" ind1=" " ind2=" ">
         <marc:subfield code="c">1970-7-15</marc:subfield>
      </marc:datafield>
      <marc:datafield tag="520" ind1=" " ind2=" ">
         <marc:subfield code="a">From NET microfiche: Driving her ancient motor scooter through a posh
         neighborhood in London, a young girl pauses for a traffic signal on her way to Dover and
         thence to the Continent. At the same corner, and for the same traffic signal, a luxurious,
         chauffeured Rolls-Royce also stops. As it starts up again, the vast limousine casually
         knocks over the tiny heap of scrap iron and smashes its headlight. Chauffeur and passenger
         scarcely notice the incident. But the scooter's young owner is in a state of furious
         indignation. Her headlight is smashed, she has to reach Dover by dark, and she is broke. So
         she pursues the Rolls until it disappears through the gates of a huge Mayfair mansion.
         Although the mansion is ingeniously and expensively rigged to keep out intruders, the
         determined girl, in her blue jeans and helmet, manages to defy all the devices. She gets
         inside the citadel, to find herself fact to face with the millionaire himself, in his bath!
         They are the most unlikely pair to meet anywhere or anytime: the odd, scruffy,
         disconcerting girl owning little more than what she appears in; and the great tycoon, lord
         of a thousand companies, owner of a dozen Rembrandts, "old Adam Capitalist in his Golden
         garden." The girl only wants him to pay her the 25 shillings it will cost to fix her
         headlight. But the cynical rich man is amused by her tenacity and, if truth be told, by her
         novelty. He decides to teach her a lesson for breaking into his heretofore impregnable
         fortress and parries her demand for payment. But in her innocence and earnestness, she
         proves his equal and piques his real interest. When his dinner engagement with the
         sophisticated Ambassadress is cancelled, he decides to try to seduce the pretty young
         "upstart." But something goes wrong during the champagne, caviar, and
         soft-music-low-lights. Her very youth and vulnerability penetrate his tough old personal
         defenses, just as she got past all his complicated residential barriers. And she, in her
         turn, falls in love with him. But she is wiser in her innocence than he, with all his
         knowledge of the world. She knows that an alliance with him could only turn to bitterness
         and, above all, expose him to mockery. So, what was to have been a night of dallying
         becomes a short, sweet while of tenderness - she asleep in his enormous bed and he cramped
         in the very bathroom where they first saw each other. And in the morning, she continues on
         her motor-scooter way to Dover, while he settles wistfully back into the plush, inner
         seclusion of his Rolls Royce to begin his day's money-making once again. Heading the cast
         are Sir John Gielgud as the rich man, Gabriel Quantara, and Felicity Kendall (star of the
         film "Shakespeare Wallah") as The Girl. The Cast: Sir John Gielgud - Gabriel Quantara
         Felicity Kendall - The Girl Barnet - Timothy Bateson Mario - David Stoll Madame Roo - Isa
         Maranda Lt. Tepich - Jeremy Row NET Playhouse - "The Mayfly and the Frog" - is a National
         Educational Television presentation, produced by Lionel Harris for the British Broadcasting
         Corporation. It was directed by Robin Midgley, designed by Sally Hulke. Music by Richard
         Addinsell. Writer: Jack Russell. NET producer is Kay Chessid.</marc:subfield>
      </marc:datafield>
      <marc:datafield tag="337" ind1=" " ind2=" ">
         <marc:subfield code="a">Moving Image</marc:subfield>
         <marc:subfield code="2">MAVIS media type controlled vocabulary</marc:subfield>
      </marc:datafield>
      <marc:datafield tag="024" ind1="8" ind2=" ">
         <marc:subfield code="a">2336900</marc:subfield>
         <marc:subfield code="2">MAVIS Title Number</marc:subfield>
      </marc:datafield>
      <marc:datafield tag="024" ind1="8" ind2=" ">
         <marc:subfield code="a">NPMF</marc:subfield>
         <marc:subfield code="2">NET/PBS NOLA</marc:subfield>
      </marc:datafield>
      <marc:datafield tag="024" ind1="8" ind2=" ">
         <marc:subfield code="a">0</marc:subfield>
         <marc:subfield code="2">NET/PBS number</marc:subfield>
      </marc:datafield>
      <marc:datafield tag="024" ind1="8" ind2=" ">
         <marc:subfield code="a">106?</marc:subfield>
         <marc:subfield code="2">Episode Number</marc:subfield>
      </marc:datafield>
      <marc:datafield tag="546" ind1=" " ind2=" ">
         <marc:subfield code="a">English</marc:subfield>
      </marc:datafield>
      <marc:datafield tag="653" ind1=" " ind2=" ">
         <marc:subfield code="a">Millionaires</marc:subfield>
         <marc:subfield code="0">http://id.loc.gov/authorities/subjects/sh85085419</marc:subfield>
      </marc:datafield>
      <marc:datafield tag="653" ind1=" " ind2=" ">
         <marc:subfield code="a">Young women</marc:subfield>
         <marc:subfield code="0">http://id.loc.gov/authorities/subjects/sh85149296</marc:subfield>
      </marc:datafield>
      <marc:datafield tag="245" ind1="0" ind2="0">
         <marc:subfield code="a">NET playhouse. The mayfly and the frog.</marc:subfield>
         <marc:subfield code="b">BBC ; producers, Lionel Harris and Kay Chessid
         ; director, Robin Midgley ; writer, Jack Russell.</marc:subfield>
      </marc:datafield>
      <marc:datafield tag="246" ind1="3" ind2="3">
         <marc:subfield code="a">The mayfly and the frog.</marc:subfield>
      </marc:datafield>
      <marc:datafield tag="246" ind1="3" ind2="3">
         <marc:subfield code="a">NET playhouse. The frog and the
         mayfly.</marc:subfield>
      </marc:datafield>
      <marc:datafield tag="246" ind1="3" ind2="3">
         <marc:subfield code="a">The frog and the mayfly.</marc:subfield>
      </marc:datafield>
      <marc:datafield tag="246" ind1="3" ind2="3">
         <marc:subfield code="a">NET playhouse. Mayfly and the frog
         [and filler].</marc:subfield>
      </marc:datafield>
      <marc:datafield tag="246" ind1="3" ind2="3">
         <marc:subfield code="a">NET playhouse. [No. 106], The mayfly and the
         frog.</marc:subfield>
      </marc:datafield>
      <marc:datafield tag="655" ind1=" " ind2="0">
         <marc:subfield code="a">Fiction television programs
         (lcgft)</marc:subfield>
         <marc:subfield code="0">http://id.loc.gov/authorities/genreForms/gf2011026252\n</marc:subfield>
      </marc:datafield>
   </marc:record>