
   <marc:record>
      <marc:leader>      am         3u     </marc:leader>
      <marc:datafield tag="042" ind1=" " ind2=" ">
         <marc:subfield code="a">dc</marc:subfield>
      </marc:datafield>
      <marc:datafield tag="720" ind1=" " ind2=" ">
         <marc:subfield code="a">National Educational Television and Radio Center</marc:subfield>
         <marc:subfield code="e">Broadcaster</marc:subfield>
         <marc:subfield code="0">http://id.loc.gov/authorities/names/n80050382</marc:subfield>
      </marc:datafield>
      <marc:datafield tag="720" ind1=" " ind2=" ">
         <marc:subfield code="a">National
         Theatre of the Deaf</marc:subfield>
         <marc:subfield code="e">Performer</marc:subfield>
         <marc:subfield code="0">http://id.loc.gov/authorities/names/n80165337</marc:subfield>
      </marc:datafield>
      <marc:datafield tag="720" ind1=" " ind2=" ">
         <marc:subfield code="a">Baschet,
         Francois</marc:subfield>
         <marc:subfield code="e">Designer</marc:subfield>
         <marc:subfield code="0">http://id.loc.gov/authorities/names/n97877100</marc:subfield>
      </marc:datafield>
      <marc:datafield tag="720" ind1=" " ind2=" ">
         <marc:subfield code="a">Puccini, Giacomo, 1858-1924</marc:subfield>
         <marc:subfield code="e">Music Composer</marc:subfield>
         <marc:subfield code="0">http://id.loc.gov/authorities/names/n79119152</marc:subfield>
      </marc:datafield>
      <marc:datafield tag="720" ind1=" " ind2=" ">
         <marc:subfield code="a">Morash,
         Russell</marc:subfield>
         <marc:subfield code="e">Producer</marc:subfield>
         <marc:subfield code="0">http://id.loc.gov/authorities/names/no2011007372</marc:subfield>
      </marc:datafield>
      <marc:datafield tag="720" ind1=" " ind2=" ">
         <marc:subfield code="a">Morash,
         Russell</marc:subfield>
         <marc:subfield code="e">Director</marc:subfield>
         <marc:subfield code="0">http://id.loc.gov/authorities/names/no2011007372</marc:subfield>
      </marc:datafield>
      <marc:datafield tag="720" ind1=" " ind2=" ">
         <marc:subfield code="a">Chessid, Kay</marc:subfield>
         <marc:subfield code="e">Producer</marc:subfield>
      </marc:datafield>
      <marc:datafield tag="720" ind1=" " ind2=" ">
         <marc:subfield code="a">WGBH (Television station : Boston, Mass.)</marc:subfield>
         <marc:subfield code="e">Production Company</marc:subfield>
         <marc:subfield code="0">http://id.loc.gov/authorities/names/n80089989</marc:subfield>
      </marc:datafield>
      <marc:datafield tag="260" ind1=" " ind2=" ">
         <marc:subfield code="c">1969-1-16</marc:subfield>
      </marc:datafield>
      <marc:datafield tag="520" ind1=" " ind2=" ">
         <marc:subfield code="a">From NET microfiche: Program Description: This program of selections from the
         repertory of the National Theatre of the Deaf consists of two sections: the first part is
         devoted to the "reading" of poetry (acted out by the actors in mime, sign language, dance
         to the simultaneous narration of the works); the second to the performance of a version of
         Giacomo Puccini's comic opera "Gianni Schicchi," performed in pantomime, in commedia
         dell'arte style. It is accompanied by music played on instruments especially designed by
         French sculptor Francois Baschet, which produce vibrations discernable to the deaf. The
         poems, in order of performance, are: " "Breeze" by Marie Hourigan, aged 11, from Australia
         " "I Live the World" by Paul Wollner, aged 7, USA " "Flowers and Moonlight on the Spring
         River" by Yang Ti, Emperor of the Sui Dynasty (605-617 AD) " "Jabberwocky" by Lewis Carroll
         " "How Do I Love Thee?" by Elizabeth Barrett Browning " "Nice Boy" by Martin O'Conner, aged
         10, from New Zealand " "Tyger! Tyger!" by William Blake " "The Train" by Roger Mortime,
         aged 7, from New Zealand " "November" by Charles Gluck, aged 10, USA " "On His Deafness" by
         Robert T. Panara (who was deaf, himself) " "Gianni Schicchi" is about a rogue, named Gianni
         Schicchi, hired by the family of a just-deceased rich man to forge a new will, because they
         have just discovered that he left his money to a monastery. Schicchi goes along with the
         family's plans to pretend the dead man is still alive, but dying. Impersonating the "dying"
         man, Gianni dictates a new will to the notary, but in a last-minute double cross, he names
         himself as the beneficiary. Background on the Company: The National Theatre of the Deaf was
         launched during the summer of 1967 by the Eugene O'Neill Memorial Theatre Foundation at its
         headquarters in Waterford, Connecticut, and since then has made two tours across the United
         States, appearing in more than 40 cities. The company was formed not just to give deaf
         people - on both sides of the footlights - an outlet unique to themselves. Rather it was
         designed to create a new theater form. The deaf actors are drawn from all over the country,
         and their talent in body communication, which ordinary actors must learn, comes naturally
         from their everyday manner of "speech." The finished theatrical performances, therefore,
         combine mime, dance, manual sign language, and music with simultaneous narration. Audiences
         who have seen the NTD quickly realize that its actors are not in any way "handicapped" by
         their inability to hear.</marc:subfield>
      </marc:datafield>
      <marc:datafield tag="337" ind1=" " ind2=" ">
         <marc:subfield code="a">Moving Image</marc:subfield>
         <marc:subfield code="2">MAVIS media type controlled vocabulary</marc:subfield>
      </marc:datafield>
      <marc:datafield tag="024" ind1="8" ind2=" ">
         <marc:subfield code="a">2333496</marc:subfield>
         <marc:subfield code="2">MAVIS Title Number</marc:subfield>
      </marc:datafield>
      <marc:datafield tag="024" ind1="8" ind2=" ">
         <marc:subfield code="a">0</marc:subfield>
         <marc:subfield code="2">NET/PBS number</marc:subfield>
      </marc:datafield>
      <marc:datafield tag="024" ind1="8" ind2=" ">
         <marc:subfield code="a">120</marc:subfield>
         <marc:subfield code="2">NET/PBS number</marc:subfield>
      </marc:datafield>
      <marc:datafield tag="024" ind1="8" ind2=" ">
         <marc:subfield code="a">NPOD</marc:subfield>
         <marc:subfield code="2">NET/PBS NOLA</marc:subfield>
      </marc:datafield>
      <marc:datafield tag="546" ind1=" " ind2=" ">
         <marc:subfield code="a">English</marc:subfield>
      </marc:datafield>
      <marc:datafield tag="245" ind1="0" ind2="0">
         <marc:subfield code="a">NET playhouse. The National Theatre of the
         Deaf.</marc:subfield>
         <marc:subfield code="b">National Educational Television presentation ;
         producer, director, Russell Morash for NET's Boston affiliate WGBH; NET producer, Kay
         Chessid.</marc:subfield>
      </marc:datafield>
      <marc:datafield tag="246" ind1="3" ind2="3">
         <marc:subfield code="a">The National Theatre of the
         Deaf.</marc:subfield>
      </marc:datafield>
      <marc:datafield tag="246" ind1="3" ind2="3">
         <marc:subfield code="a">NET playhouse. Theatre on the
         deaf.</marc:subfield>
      </marc:datafield>
      <marc:datafield tag="246" ind1="3" ind2="3">
         <marc:subfield code="a">Gianni Schicchi.</marc:subfield>
      </marc:datafield>
      <marc:datafield tag="246" ind1="3" ind2="3">
         <marc:subfield code="a">NET playhouse. [1969-01-16]. The National Theatre of
         the Deaf.</marc:subfield>
      </marc:datafield>
      <marc:datafield tag="246" ind1="3" ind2="3">
         <marc:subfield code="a">NET playhouse. [No. 120], The National Theatre of the
         Deaf.</marc:subfield>
      </marc:datafield>
      <marc:datafield tag="655" ind1=" " ind2="0">
         <marc:subfield code="a">Nonfiction television programs
         (lcgft)</marc:subfield>
         <marc:subfield code="0">http://id.loc.gov/authorities/genreForms/gf2011026425</marc:subfield>
      </marc:datafield>
      <marc:datafield tag="655" ind1=" " ind2="0">
         <marc:subfield code="a">Opera television programs
         (lcgft)</marc:subfield>
         <marc:subfield code="0">http://id.loc.gov/authorities/genreForms/gf2011026429\n</marc:subfield>
      </marc:datafield>
      <marc:datafield tag="655" ind1=" " ind2="0">
         <marc:subfield code="a">Televised performances
         (lcgft)</marc:subfield>
         <marc:subfield code="0">http://id.loc.gov/authorities/genreForms/gf2011026646</marc:subfield>
      </marc:datafield>
   </marc:record>