
   <marc:record>
      <marc:leader>      am         3u     </marc:leader>
      <marc:datafield tag="042" ind1=" " ind2=" ">
         <marc:subfield code="a">dc</marc:subfield>
      </marc:datafield>
      <marc:datafield tag="720" ind1=" " ind2=" ">
         <marc:subfield code="a">National Educational Television and Radio Center</marc:subfield>
         <marc:subfield code="e">Broadcaster</marc:subfield>
         <marc:subfield code="0">http://id.loc.gov/authorities/names/n80050382</marc:subfield>
      </marc:datafield>
      <marc:datafield tag="720" ind1=" " ind2=" ">
         <marc:subfield code="a">National
         Theatre of the Deaf</marc:subfield>
         <marc:subfield code="e">Performer</marc:subfield>
         <marc:subfield code="0">http://id.loc.gov/authorities/names/n80165337</marc:subfield>
      </marc:datafield>
      <marc:datafield tag="260" ind1=" " ind2=" ">
         <marc:subfield code="c">1969-8-14</marc:subfield>
      </marc:datafield>
      <marc:datafield tag="520" ind1=" " ind2=" ">
         <marc:subfield code="a">From NET microfiche: Program Description: The program opens with Bernard Bragg
         and Lou Fant, who shows 16 youngsters from Boston elementary schools how sign language is
         used. They then persuade the children to make up their own signs and use them to "talk"
         poetry with their hands. Following this demonstration, members of the company present two
         selections from their repertoire: "On the Harmfulness of Tobacco" by Anton Chekhov (a
         monologue): A subtle psychological study of a man who reveals, during the course of the
         monologue, his own fine qualities, qualities that have been distorted and wantonly
         destroyed over the years by a selfish and domineering wife. Cast: Nyukhin - Lou Fant "The
         Tales of Kasane" by Tsurya Namboko (a Kabuki play): This Japanese drama takes place during
         the 17th century, on the shores of the River Kine, where Kasane has gone to meet her lover,
         Yoemon. Unknown to her, Yoemon has killed her father. When the lovers meet, Kasane begs
         Yoemon to let her come with him so that she will not be left alone to bear his child. In
         the river, Yoemon finds the father's grave-marker. Afraid that Kasane will see it, he
         breaks the marker, a symbolic destruction that leaves its mark on Kasane. She becomes lame
         and her face disfigured. Gradually the father's ghost possesses Kasane's body and begins to
         haunt Yoemon. A police officer appears but is chased away by Yoemon. Finally the crazed
         lover stabs his beloved. Rain begins to fall. Kasane's ghost appears, drawing Yoemon back -
         ever closer to her. --- MISSING PAGE 2 --- FILLER: NET Playhouse -- "The National Theater
         of the Deaf Encore" is followed by a short feature, "So where are you,
         God?"</marc:subfield>
      </marc:datafield>
      <marc:datafield tag="024" ind1="8" ind2=" ">
         <marc:subfield code="a">2333498</marc:subfield>
         <marc:subfield code="2">MAVIS Title Number</marc:subfield>
      </marc:datafield>
      <marc:datafield tag="024" ind1="8" ind2=" ">
         <marc:subfield code="a">NPOD</marc:subfield>
         <marc:subfield code="2">NET/PBS NOLA</marc:subfield>
      </marc:datafield>
      <marc:datafield tag="024" ind1="8" ind2=" ">
         <marc:subfield code="a">102 (PBS-1994.xls)</marc:subfield>
         <marc:subfield code="2">NET/PBS number</marc:subfield>
      </marc:datafield>
      <marc:datafield tag="024" ind1="8" ind2=" ">
         <marc:subfield code="a">150 (NET microfiche)</marc:subfield>
         <marc:subfield code="2">NET/PBS number</marc:subfield>
      </marc:datafield>
      <marc:datafield tag="245" ind1="0" ind2="0">
         <marc:subfield code="a">NET playhouse. The National Theatre of the Deaf
         encore.</marc:subfield>
      </marc:datafield>
      <marc:datafield tag="246" ind1="3" ind2="3">
         <marc:subfield code="a">The National Theatre of the Deaf
         encore.</marc:subfield>
      </marc:datafield>
      <marc:datafield tag="246" ind1="3" ind2="3">
         <marc:subfield code="a">The tales of Kasane.</marc:subfield>
      </marc:datafield>
      <marc:datafield tag="246" ind1="3" ind2="3">
         <marc:subfield code="a">On the harmfulness of
         tobacco.</marc:subfield>
      </marc:datafield>
      <marc:datafield tag="246" ind1="3" ind2="3">
         <marc:subfield code="a">NET playhouse. [1969-08-14]. The National Theatre of
         the Deaf encore.</marc:subfield>
      </marc:datafield>
      <marc:datafield tag="246" ind1="3" ind2="3">
         <marc:subfield code="a">NET playhouse. [No. 102], The National Theatre of the
         Deaf.</marc:subfield>
      </marc:datafield>
      <marc:datafield tag="246" ind1="3" ind2="3">
         <marc:subfield code="a">NET playhouse. [No. 150], The National Theatre of the
         Deaf encore.</marc:subfield>
      </marc:datafield>
      <marc:datafield tag="246" ind1="3" ind2="3">
         <marc:subfield code="a">The National Theater of the Deaf encore.</marc:subfield>
      </marc:datafield>
      <marc:datafield tag="655" ind1=" " ind2="0">
         <marc:subfield code="a">Nonfiction television programs
         (lcgft)</marc:subfield>
         <marc:subfield code="0">http://id.loc.gov/authorities/genreForms/gf2011026425</marc:subfield>
      </marc:datafield>
      <marc:datafield tag="655" ind1=" " ind2="0">
         <marc:subfield code="a">Televised performances
         (lcgft)</marc:subfield>
         <marc:subfield code="0">http://id.loc.gov/authorities/genreForms/gf2011026646</marc:subfield>
      </marc:datafield>
   </marc:record>