
   <marc:record>
      <marc:leader>      am         3u     </marc:leader>
      <marc:datafield tag="042" ind1=" " ind2=" ">
         <marc:subfield code="a">dc</marc:subfield>
      </marc:datafield>
      <marc:datafield tag="720" ind1=" " ind2=" ">
         <marc:subfield code="a">Magee,
         Patrick</marc:subfield>
         <marc:subfield code="e">Cast/Actor</marc:subfield>
         <marc:subfield code="0">http://id.loc.gov/authorities/names/n86024971</marc:subfield>
      </marc:datafield>
      <marc:datafield tag="720" ind1=" " ind2=" ">
         <marc:subfield code="a">Peaslee,
         Richard</marc:subfield>
         <marc:subfield code="e">Music</marc:subfield>
         <marc:subfield code="0">http://id.loc.gov/authorities/names/n87128570</marc:subfield>
      </marc:datafield>
      <marc:datafield tag="720" ind1=" " ind2=" ">
         <marc:subfield code="a">United Artists Corporation</marc:subfield>
         <marc:subfield code="e">Distributor/Release Co.</marc:subfield>
         <marc:subfield code="0">http://id.loc.gov/authorities/names/n50057783</marc:subfield>
      </marc:datafield>
      <marc:datafield tag="720" ind1=" " ind2=" ">
         <marc:subfield code="a">National
         Educational Television and Radio Center</marc:subfield>
         <marc:subfield code="e">Presenter</marc:subfield>
         <marc:subfield code="0">http://id.loc.gov/authorities/names/n80050382</marc:subfield>
      </marc:datafield>
      <marc:datafield tag="720" ind1=" " ind2=" ">
         <marc:subfield code="a">Jackson, Glenda</marc:subfield>
         <marc:subfield code="e">Cast/Actor</marc:subfield>
         <marc:subfield code="0">http://id.loc.gov/authorities/names/n84157885</marc:subfield>
      </marc:datafield>
      <marc:datafield tag="720" ind1=" " ind2=" ">
         <marc:subfield code="a">Richardson, Ian, 1934-2007</marc:subfield>
         <marc:subfield code="e">Cast/Actor</marc:subfield>
         <marc:subfield code="0">http://id.loc.gov/authorities/names/n80097324</marc:subfield>
      </marc:datafield>
      <marc:datafield tag="720" ind1=" " ind2=" ">
         <marc:subfield code="a">Birkett,
         Michael</marc:subfield>
         <marc:subfield code="e">Producer</marc:subfield>
         <marc:subfield code="0">http://id.loc.gov/authorities/names/no2002054020</marc:subfield>
      </marc:datafield>
      <marc:datafield tag="720" ind1=" " ind2=" ">
         <marc:subfield code="a">Brook,
         Peter</marc:subfield>
         <marc:subfield code="e">Director</marc:subfield>
         <marc:subfield code="0">http://id.loc.gov/authorities/names/n50040543</marc:subfield>
      </marc:datafield>
      <marc:datafield tag="720" ind1=" " ind2=" ">
         <marc:subfield code="a">Venza, Jac</marc:subfield>
         <marc:subfield code="e">Executive Producer</marc:subfield>
         <marc:subfield code="0">http://id.loc.gov/authorities/names/no93017967</marc:subfield>
      </marc:datafield>
      <marc:datafield tag="720" ind1=" " ind2=" ">
         <marc:subfield code="a">Weiss,
         Peter, 1916-1982</marc:subfield>
         <marc:subfield code="e">Author/Based on</marc:subfield>
         <marc:subfield code="0">http://id.loc.gov/authorities/names/n80013064</marc:subfield>
      </marc:datafield>
      <marc:datafield tag="720" ind1=" " ind2=" ">
         <marc:subfield code="a">The Royal Shakespeare Company</marc:subfield>
         <marc:subfield code="e">Production Company</marc:subfield>
      </marc:datafield>
      <marc:datafield tag="260" ind1=" " ind2=" ">
         <marc:subfield code="c">1970-12-10</marc:subfield>
      </marc:datafield>
      <marc:datafield tag="520" ind1=" " ind2=" ">
         <marc:subfield code="a">From NET microfiche, file R: Patrick Magee, Ian Richardson, Glenda Jackson,
         and the Royal Shakespeare Company perform Peter Weiss,' "Marat/Sade" in the United Artists
         film directed by Peter Brook. The motion picture is adapted from the successful and highly
         acclaimed 1965 play which also starred the Royal Shakespeare Company and was directed by
         Brook. "Marat/Sade," the full title of which is "The Persecution and Assassination of
         Jean-Paul Marat as Performed by the Marquis de Sade," is an unconventional work of
         extraordinary impact. It is a play within a play, set in the Asylum of Charenton, an actual
         French institution at which inmates sometimes gave theatrical performances as a type of
         therapy during the early 1800s. The Marquis de Sade, who was confined to that asylum for
         the last 11 years of his life, directed those performances. In "Marat/Sade" Patrick Magee
         portrays de Sade, who has been asked to direct his fellow inmates in a dramatization of the
         murder of Jean-Paul Marat (Ian Richardson), a leader of the French Revolution who was
         stabbed to death by a young girl of the gentry, Charlotte Corday (Glenda Jackson). As the
         play progresses, a fierce philosophical battle develops (outside the basic framework of the
         inmates' performance) as de Sade's fatalism and concern for self-gratification clash with
         Marat's quest for social reform through violent revolution. The warden of the institution,
         observing with his wife and daughters, objects to these clashes but nevertheless seems
         oblivious to the ominous undercurrent that pervades the performance. He lets the play
         continue until finally the inmates rage completely out of control. Giving the work added
         force are an array of compelling visual and musical effects which help reinforce the
         oppressive atmosphere of the asylum. The music is by Richard Peaslee. This is the second of
         several program this season in which NET Playhouse will present great theatre companies
         from around the world.</marc:subfield>
      </marc:datafield>
      <marc:datafield tag="337" ind1=" " ind2=" ">
         <marc:subfield code="a">Moving Image</marc:subfield>
         <marc:subfield code="2">MAVIS media type controlled vocabulary</marc:subfield>
      </marc:datafield>
      <marc:datafield tag="024" ind1="8" ind2=" ">
         <marc:subfield code="a">2311460</marc:subfield>
         <marc:subfield code="2">MAVIS Title Number</marc:subfield>
      </marc:datafield>
      <marc:datafield tag="024" ind1="8" ind2=" ">
         <marc:subfield code="a">NPRS</marc:subfield>
         <marc:subfield code="2">NET/PBS NOLA</marc:subfield>
      </marc:datafield>
      <marc:datafield tag="024" ind1="8" ind2=" ">
         <marc:subfield code="a">0</marc:subfield>
         <marc:subfield code="2">NET/PBS number</marc:subfield>
      </marc:datafield>
      <marc:datafield tag="024" ind1="8" ind2=" ">
         <marc:subfield code="a">217?</marc:subfield>
         <marc:subfield code="2">NET/PBS number</marc:subfield>
      </marc:datafield>
      <marc:datafield tag="546" ind1=" " ind2=" ">
         <marc:subfield code="a">English</marc:subfield>
      </marc:datafield>
      <marc:datafield tag="653" ind1=" " ind2=" ">
         <marc:subfield code="a">Drama--Therapeutic use</marc:subfield>
         <marc:subfield code="0">http://id.loc.gov/authorities/subjects/sh85039334</marc:subfield>
      </marc:datafield>
      <marc:datafield tag="653" ind1=" " ind2=" ">
         <marc:subfield code="a">France--History--Revolution,
         1789-1799</marc:subfield>
         <marc:subfield code="0">http://id.loc.gov/authorities/subjects/sh85051319</marc:subfield>
      </marc:datafield>
      <marc:datafield tag="653" ind1=" " ind2=" ">
         <marc:subfield code="a">Psychiatric hospitals</marc:subfield>
         <marc:subfield code="0">http://id.loc.gov/authorities/subjects/sh85108356</marc:subfield>
      </marc:datafield>
      <marc:datafield tag="653" ind1=" " ind2=" ">
         <marc:subfield code="a">Marat, Jean Paul</marc:subfield>
         <marc:subfield code="0">http://id.loc.gov/authorities/names/n50040632</marc:subfield>
      </marc:datafield>
      <marc:datafield tag="653" ind1=" " ind2=" ">
         <marc:subfield code="a">Sade, marquis de,
         1740-1814</marc:subfield>
         <marc:subfield code="0">http://id.loc.gov/authorities/names/n80005109</marc:subfield>
      </marc:datafield>
      <marc:datafield tag="653" ind1=" " ind2=" ">
         <marc:subfield code="a">Charenton (Hospital : Saint-Maurice,
         Val-de-Marne, France)</marc:subfield>
         <marc:subfield code="0">http://id.loc.gov/authorities/names/n92007259</marc:subfield>
      </marc:datafield>
      <marc:datafield tag="245" ind1="0" ind2="0">
         <marc:subfield code="a">NET playhouse. The persecution and assassination of
         Jean-Paul Marat as performed by the inmates of the asylum of Charenton under the direction
         of the Marquis de Sade.</marc:subfield>
         <marc:subfield code="b">Royal Shakespeare Company ; NET presentation ;
         producer, Michael Birkett ; director, Peter Brook ; [by], Peter Weiss ; NET playhouse
         executive producer, Jac Venza.</marc:subfield>
      </marc:datafield>
      <marc:datafield tag="246" ind1="3" ind2="3">
         <marc:subfield code="a">The persecution and assassination of
         Jean-Paul Marat as performed by the inmates of the asylum of Charenton under the direction
         of the Marquis de Sade.</marc:subfield>
      </marc:datafield>
      <marc:datafield tag="246" ind1="3" ind2="3">
         <marc:subfield code="a">NET playhouse.
         Marat/Sade.</marc:subfield>
      </marc:datafield>
      <marc:datafield tag="246" ind1="3" ind2="3">
         <marc:subfield code="a">The persecution
         and assassination of Jean-Paul Marat as performed by the Marquis de Sade.</marc:subfield>
      </marc:datafield>
      <marc:datafield tag="246" ind1="3" ind2="3">
         <marc:subfield code="a">Marat/Sade.</marc:subfield>
      </marc:datafield>
      <marc:datafield tag="246" ind1="3" ind2="3">
         <marc:subfield code="a">NET playhouse. The Royal Shakespeare
         Company production of Marat/Sade.</marc:subfield>
      </marc:datafield>
      <marc:datafield tag="246" ind1="3" ind2="3">
         <marc:subfield code="a">Marat-Sade. The Royal Shakespeare
         Co,</marc:subfield>
      </marc:datafield>
      <marc:datafield tag="246" ind1="3" ind2="3">
         <marc:subfield code="a">NET playhouse. [No. 217], The persecution and
         assassination of Jean-Paul Marat as performed by the inmates of the asylum of Charenton
         under the direction of the Marquis de Sade.</marc:subfield>
      </marc:datafield>
      <marc:datafield tag="246" ind1="3" ind2="3">
         <marc:subfield code="a">Royal Shakespeare Company performs
         Marat/Sade.</marc:subfield>
      </marc:datafield>
      <marc:datafield tag="655" ind1=" " ind2="0">
         <marc:subfield code="a">Film adaptations (lcgft)</marc:subfield>
         <marc:subfield code="0">http://id.loc.gov/authorities/genreForms/gf2011026254</marc:subfield>
      </marc:datafield>
      <marc:datafield tag="655" ind1=" " ind2="0">
         <marc:subfield code="a">Television adaptations
         (lcgft)</marc:subfield>
         <marc:subfield code="0">http://id.loc.gov/authorities/genreForms/gf2011026653\n</marc:subfield>
      </marc:datafield>
      <marc:datafield tag="655" ind1=" " ind2="0">
         <marc:subfield code="a">Fiction television programs
         (lcgft)</marc:subfield>
         <marc:subfield code="0">http://id.loc.gov/authorities/genreForms/gf2011026252\n</marc:subfield>
      </marc:datafield>
   </marc:record>