
   <marc:record>
      <marc:leader>      am         3u     </marc:leader>
      <marc:datafield tag="042" ind1=" " ind2=" ">
         <marc:subfield code="a">dc</marc:subfield>
      </marc:datafield>
      <marc:datafield tag="720" ind1=" " ind2=" ">
         <marc:subfield code="a">Hunter,
         Kim</marc:subfield>
         <marc:subfield code="e">Cast/Actor</marc:subfield>
         <marc:subfield code="0">http://id.loc.gov/authorities/names/nr2001005012</marc:subfield>
      </marc:datafield>
      <marc:datafield tag="720" ind1=" " ind2=" ">
         <marc:subfield code="a">National Educational Television and Radio Center</marc:subfield>
         <marc:subfield code="e">Broadcaster</marc:subfield>
         <marc:subfield code="0">http://id.loc.gov/authorities/names/n80050382</marc:subfield>
      </marc:datafield>
      <marc:datafield tag="720" ind1=" " ind2=" ">
         <marc:subfield code="a">Foster,
         Meg</marc:subfield>
         <marc:subfield code="e">Cast/Actor</marc:subfield>
         <marc:subfield code="0">http://id.loc.gov/authorities/names/no2002077575</marc:subfield>
      </marc:datafield>
      <marc:datafield tag="720" ind1=" " ind2=" ">
         <marc:subfield code="a">Coffin, Gene</marc:subfield>
         <marc:subfield code="e">Costume Designer</marc:subfield>
      </marc:datafield>
      <marc:datafield tag="720" ind1=" " ind2=" ">
         <marc:subfield code="a">Daniels, Waler</marc:subfield>
         <marc:subfield code="e">Cast/Actor</marc:subfield>
      </marc:datafield>
      <marc:datafield tag="720" ind1=" " ind2=" ">
         <marc:subfield code="a">Galman, Peter</marc:subfield>
         <marc:subfield code="e">Cast/Actor</marc:subfield>
      </marc:datafield>
      <marc:datafield tag="720" ind1=" " ind2=" ">
         <marc:subfield code="a">National Educational Television and Radio Center</marc:subfield>
         <marc:subfield code="e">Production Company</marc:subfield>
         <marc:subfield code="0">http://id.loc.gov/authorities/names/n80050382</marc:subfield>
      </marc:datafield>
      <marc:datafield tag="720" ind1=" " ind2=" ">
         <marc:subfield code="a">Richardson, Jack, 1934-2012</marc:subfield>
         <marc:subfield code="e">Author/Based on</marc:subfield>
         <marc:subfield code="0">http://id.loc.gov/authorities/names/n79076078</marc:subfield>
      </marc:datafield>
      <marc:datafield tag="720" ind1=" " ind2=" ">
         <marc:subfield code="a">Donovan,
         Tom</marc:subfield>
         <marc:subfield code="e">Director</marc:subfield>
         <marc:subfield code="0">http://id.loc.gov/authorities/names/n88100703</marc:subfield>
      </marc:datafield>
      <marc:datafield tag="720" ind1=" " ind2=" ">
         <marc:subfield code="a">Kuney,
         Jack</marc:subfield>
         <marc:subfield code="e">Producer</marc:subfield>
         <marc:subfield code="0">http://id.loc.gov/authorities/names/n88298848</marc:subfield>
      </marc:datafield>
      <marc:datafield tag="260" ind1=" " ind2=" ">
         <marc:subfield code="c">1971-6-29</marc:subfield>
      </marc:datafield>
      <marc:datafield tag="260" ind1=" " ind2=" ">
         <marc:subfield code="c">1969-5-1</marc:subfield>
      </marc:datafield>
      <marc:datafield tag="520" ind1=" " ind2=" ">
         <marc:subfield code="a">From NET microfiche: Jack Richardson's "The Prodigal" is based on the Greek
         legend of Orestes, son of Agamemnon, King of Mycenae, and commander of the Greek army which
         waged the victorious war against the Trojans. After ten years at war, Agamemnon returned
         home only to be murdered in his bath by his wife Clytemnestra and her love Aegisthus.
         Orestes is sent into exile but returns after many years to avenge the death of his father
         by killing his mother and Aegisthus. "The Prodigal" beings on the morning of Agamemnon's
         return from the war. Anticipation of his victorious homecoming, however, is charged with
         apprehension. Agamemnon's cousin, Aegisthus, the man he left to protect he kingdom in his
         absence, not only has usurped Agamemnon's bed but his throne as well. Clytemnestra awaits
         her husband's homecoming with vengeance in her heart, for she has never forgiven him for
         sacrificing their daughter, Iphigenia, to gain favorable winds for the Greek fleet on its
         way to Troy. Electra, Orestes' sister, idolizes her father and anticipates his return with
         the innocent adoration of a teenaged girl for a famous and glamorous father. None of the
         political and emotional machinations of her mother and Aegisthus have touched her yet.
         Richardson's Orestes, however, is another matter. He is a young man out of step with his
         time - uncommitted, skeptical, sophisticated, and disaffected with war. He is as removed
         emotionally from the power plays of the politician Aegisthus as he is from the
         myth-building of his warrior father. He would have been more at home in the 20th century.
         When, after his father is murdered, Aegisthus and his mother send him and his friend
         Pylades on a journey to get them out of the way, he is delighted to go. He doesn't consider
         the bloody affairs of his elders of much concern to him. All he wants is a simple, loving
         girl to marry and a peaceful, contemplative life. But in the end, Orestes cannot remain
         outside his time nor deny his destiny. Although his convictions remain the same, his views
         of killing unchanged, he is unable to resist the pressures of his society and of his time.
         "The world demands that we inherit the pretensions of our fathers, that we go on killing in
         the name of ancient illusions about ourselves, that we assume the right to punish, order,
         and invent philosophies to make our worst moment seem inspired. Who am I to contradict all
         this any longer? I will return to Argos. I belong no other place." About the playwright:
         Jack Richardson is a native New Yorker, educated at Columbia University (BA) and at the
         University of Munich in Germany. He wrote "The Prodigal," his first play, when he was 24
         years old. It won for him both the Vernon Rice Award and the 1960 Obie Award. "The
         Prodigal" was first produced off-Broadway in New York City in 1960. Mr. Richardson's play
         "Gallows Humor" had a successful run off-Broadway in 1962, and a third drama, "Lorenzo,"
         was produced on Broadway in 1963 The cast: Orestes - Peter Galman Agamemnon - Roy Poole
         Electra - Pamela Payton-Wright Aegisthus - John Heffernan Clytemnestra - Kim Hunter Pylades
         - Walker Daniels Cassandra - Cavanda Humphrey Penelope - Aline MacMahon Praxithia - Meg
         Foster Soldiers and Priest NET Playhouse - "The Prodigal" - is a National Educational
         Television production. Producer: Jack Kuney; director: Tom Donovan; sets by Lloyd Evans;
         costumes by Gene Coffin; original musical score by Ezra Laderman; art by Ken
         Rockefeller.</marc:subfield>
      </marc:datafield>
      <marc:datafield tag="337" ind1=" " ind2=" ">
         <marc:subfield code="a">Moving Image</marc:subfield>
         <marc:subfield code="2">MAVIS media type controlled vocabulary</marc:subfield>
      </marc:datafield>
      <marc:datafield tag="024" ind1="8" ind2=" ">
         <marc:subfield code="a">2328762</marc:subfield>
         <marc:subfield code="2">MAVIS Title Number</marc:subfield>
      </marc:datafield>
      <marc:datafield tag="024" ind1="8" ind2=" ">
         <marc:subfield code="a">NPTP</marc:subfield>
         <marc:subfield code="2">NET/PBS NOLA</marc:subfield>
      </marc:datafield>
      <marc:datafield tag="024" ind1="8" ind2=" ">
         <marc:subfield code="a">135</marc:subfield>
         <marc:subfield code="2">NET/PBS number</marc:subfield>
      </marc:datafield>
      <marc:datafield tag="024" ind1="8" ind2=" ">
         <marc:subfield code="a">250</marc:subfield>
         <marc:subfield code="2">NET/PBS number</marc:subfield>
      </marc:datafield>
      <marc:datafield tag="546" ind1=" " ind2=" ">
         <marc:subfield code="a">English</marc:subfield>
      </marc:datafield>
      <marc:datafield tag="653" ind1=" " ind2=" ">
         <marc:subfield code="a">Mythology, Greek</marc:subfield>
         <marc:subfield code="0">http://id.loc.gov/authorities/subjects/sh85089396</marc:subfield>
      </marc:datafield>
      <marc:datafield tag="653" ind1=" " ind2=" ">
         <marc:subfield code="a">Orestes, King of Argos (Mythological
         character)</marc:subfield>
         <marc:subfield code="0">http://id.loc.gov/authorities/names/no2014021736</marc:subfield>
      </marc:datafield>
      <marc:datafield tag="245" ind1="0" ind2="0">
         <marc:subfield code="a">NET playhouse. The prodigal.</marc:subfield>
         <marc:subfield code="b">National Educational Television ; producer,
         Jack Kuney ; director, Tom Donovan ; [by] Jack Richardson.</marc:subfield>
      </marc:datafield>
      <marc:datafield tag="246" ind1="3" ind2="3">
         <marc:subfield code="a">The prodigal.</marc:subfield>
      </marc:datafield>
      <marc:datafield tag="246" ind1="3" ind2="3">
         <marc:subfield code="a">NET playhouse
         #135--the prodigal</marc:subfield>
      </marc:datafield>
      <marc:datafield tag="246" ind1="3" ind2="3">
         <marc:subfield code="a">NET playhouse. [No. 135], The prodigal</marc:subfield>
      </marc:datafield>
      <marc:datafield tag="246" ind1="3" ind2="3">
         <marc:subfield code="a">NET playhouse. [No. 250], The prodigal</marc:subfield>
      </marc:datafield>
      <marc:datafield tag="655" ind1=" " ind2="0">
         <marc:subfield code="a">Television adaptations
         (lcgft)</marc:subfield>
         <marc:subfield code="0">http://id.loc.gov/authorities/genreForms/gf2011026653\n</marc:subfield>
      </marc:datafield>
      <marc:datafield tag="655" ind1=" " ind2="0">
         <marc:subfield code="a">Fiction television programs
         (lcgft)</marc:subfield>
         <marc:subfield code="0">http://id.loc.gov/authorities/genreForms/gf2011026252\n</marc:subfield>
      </marc:datafield>
   </marc:record>