
   <marc:record>
      <marc:leader>      am         3u     </marc:leader>
      <marc:datafield tag="042" ind1=" " ind2=" ">
         <marc:subfield code="a">dc</marc:subfield>
      </marc:datafield>
      <marc:datafield tag="720" ind1=" " ind2=" ">
         <marc:subfield code="a">Van
         Dyke, Willard</marc:subfield>
         <marc:subfield code="e">Collaborator</marc:subfield>
         <marc:subfield code="0">http://id.loc.gov/authorities/names/n81110574</marc:subfield>
      </marc:datafield>
      <marc:datafield tag="720" ind1=" " ind2=" ">
         <marc:subfield code="a">American Film Institute</marc:subfield>
         <marc:subfield code="e">Collaborator</marc:subfield>
         <marc:subfield code="0">http://id.loc.gov/authorities/names/n79022845</marc:subfield>
      </marc:datafield>
      <marc:datafield tag="720" ind1=" " ind2=" ">
         <marc:subfield code="a">Museum of Modern Art (New York, NY)</marc:subfield>
         <marc:subfield code="e">Collaborator</marc:subfield>
      </marc:datafield>
      <marc:datafield tag="720" ind1=" " ind2=" ">
         <marc:subfield code="a">National Educational Television and Radio Center</marc:subfield>
         <marc:subfield code="e">Broadcaster</marc:subfield>
         <marc:subfield code="0">http://id.loc.gov/authorities/names/n80050382</marc:subfield>
      </marc:datafield>
      <marc:datafield tag="720" ind1=" " ind2=" ">
         <marc:subfield code="a">Kula,
         Sam</marc:subfield>
         <marc:subfield code="e">Collaborator</marc:subfield>
         <marc:subfield code="0">http://id.loc.gov/authorities/names/n84100691</marc:subfield>
      </marc:datafield>
      <marc:datafield tag="720" ind1=" " ind2=" ">
         <marc:subfield code="a">Venza, Jac</marc:subfield>
         <marc:subfield code="e">Executive Producer</marc:subfield>
         <marc:subfield code="0">http://id.loc.gov/authorities/names/no93017967</marc:subfield>
      </marc:datafield>
      <marc:datafield tag="720" ind1=" " ind2=" ">
         <marc:subfield code="a">Educational Broadcasting Corporation. NET Division</marc:subfield>
         <marc:subfield code="e">Production Company</marc:subfield>
         <marc:subfield code="0">http://id.loc.gov/authorities/names/n81076889</marc:subfield>
      </marc:datafield>
      <marc:datafield tag="260" ind1=" " ind2=" ">
         <marc:subfield code="c">1971-2-11</marc:subfield>
      </marc:datafield>
      <marc:datafield tag="520" ind1=" " ind2=" ">
         <marc:subfield code="a">From NET microfiche: Motion pictures, in addition to providing entertainment
         and information, are generally assumed to represent a lasting record of the achievements of
         Hollywood's earliest great stars and directors. But in fact, according to the New York
         Museum of Modern Art publication "Lost Films," a great many old films - even those of such
         notables as Greta Garbo, Lon Chaney, Lillian Gish, Howard Hawkes, and Josef von Sternberg -
         "have been lost through ignorance or indifference." The Museum of Modern Art houses one of
         the nation's few motion picture archives. "The Rediscovered Film: Once in a Lifetime" is
         one of two programs in the series "NET Playhouse on the Thirties" devoted especially to the
         Hollywood film industry. This particular program seeks to publicize the problem of
         Hollywood's disappearing films and to present a fine motion picture that has been
         preserved, though it has never before been seen on television. "Once in a Lifetime,"
         acquired for NET by the American Film Institute, is a delightful spoof of the foibles and
         excesses of Hollywood, starring Jack Oakie, ZaSu Pitts, Aline MacMahon, and Gregory Ratoff.
         Based on the play of the same name by George S. Kaufman and Moss Hart, this 1932 film
         features Jack Oakie as a zany supervisor who brings something less than foresight and
         expertise to a motion picture studio trying to adjust to the advent of talking pictures.
         Seton I Miller ("Here Comes Mr. Jordan") wrote the screenplay, and Russel Mack directed the
         film for Universal Pictures. The introduction of the film includes a sequence of stills
         from the Museum of Modern Art exhibition, "Lost Films."</marc:subfield>
      </marc:datafield>
      <marc:datafield tag="337" ind1=" " ind2=" ">
         <marc:subfield code="a">Moving Image</marc:subfield>
         <marc:subfield code="2">MAVIS media type controlled vocabulary</marc:subfield>
      </marc:datafield>
      <marc:datafield tag="024" ind1="8" ind2=" ">
         <marc:subfield code="a">2455254</marc:subfield>
         <marc:subfield code="2">MAVIS Title Number</marc:subfield>
      </marc:datafield>
      <marc:datafield tag="024" ind1="8" ind2=" ">
         <marc:subfield code="a">NPTO</marc:subfield>
         <marc:subfield code="2">NET/PBS NOLA</marc:subfield>
      </marc:datafield>
      <marc:datafield tag="024" ind1="8" ind2=" ">
         <marc:subfield code="a">0 (PBS-1994.xls)</marc:subfield>
         <marc:subfield code="2">NET/PBS number</marc:subfield>
      </marc:datafield>
      <marc:datafield tag="024" ind1="8" ind2=" ">
         <marc:subfield code="a">226 (NET playhouse)</marc:subfield>
         <marc:subfield code="2">NET/PBS number</marc:subfield>
      </marc:datafield>
      <marc:datafield tag="024" ind1="8" ind2=" ">
         <marc:subfield code="a">3 (NET playhouse biography)</marc:subfield>
         <marc:subfield code="2">NET/PBS number</marc:subfield>
      </marc:datafield>
      <marc:datafield tag="546" ind1=" " ind2=" ">
         <marc:subfield code="a">English</marc:subfield>
      </marc:datafield>
      <marc:datafield tag="787" ind1="0" ind2=" ">
         <marc:subfield code="w">1010</marc:subfield>
         <marc:subfield code="n">MAVIS id number</marc:subfield>
      </marc:datafield>
      <marc:datafield tag="653" ind1=" " ind2=" ">
         <marc:subfield code="a">Motion picture industry</marc:subfield>
         <marc:subfield code="0">http://id.loc.gov/authorities/subjects/sh85088047</marc:subfield>
      </marc:datafield>
      <marc:datafield tag="245" ind1="0" ind2="0">
         <marc:subfield code="a">NET playhouse. The rediscovered film : Once in a
         lifetime.</marc:subfield>
         <marc:subfield code="b">a production of National Educational
         Television Division, Educational Broadcasting Corporation ; produced in collaboration with
         Sam Kula of the American Film Institute and Willard Van Dyke of the Museum of Modern Art ;
         executive producer, Jac Venza.</marc:subfield>
      </marc:datafield>
      <marc:datafield tag="246" ind1="3" ind2="3">
         <marc:subfield code="a">NET playhouse.
         The rediscovered: Film Once in a lifetime.</marc:subfield>
      </marc:datafield>
      <marc:datafield tag="246" ind1="3" ind2="3">
         <marc:subfield code="a">NET playhouse. NET playhouse on the
         30's : the re-discovered film : once in a lifetime.</marc:subfield>
      </marc:datafield>
      <marc:datafield tag="246" ind1="3" ind2="3">
         <marc:subfield code="a">Once in a lifetime.</marc:subfield>
      </marc:datafield>
      <marc:datafield tag="246" ind1="3" ind2="3">
         <marc:subfield code="a">The rediscovered film : Once in a
         lifetime.</marc:subfield>
      </marc:datafield>
      <marc:datafield tag="246" ind1="3" ind2="3">
         <marc:subfield code="a">NET playhouse biography. [No. 3], The rediscovered
         film : Once in a lifetime.</marc:subfield>
      </marc:datafield>
      <marc:datafield tag="246" ind1="3" ind2="3">
         <marc:subfield code="a">NET playhouse biography. The rediscovered film : Once
         in a lifetime.</marc:subfield>
      </marc:datafield>
      <marc:datafield tag="246" ind1="3" ind2="3">
         <marc:subfield code="a">NET playhouse on the thirties. The rediscovered film
         : Once in a lifetime.</marc:subfield>
      </marc:datafield>
      <marc:datafield tag="246" ind1="3" ind2="3">
         <marc:subfield code="a">NET playhouse. [No. 226], The rediscovered film :
         Once in a lifetime.</marc:subfield>
      </marc:datafield>
      <marc:datafield tag="655" ind1=" " ind2="0">
         <marc:subfield code="a">Documentary television programs
         (lcgft)</marc:subfield>
         <marc:subfield code="0">http://id.loc.gov/authorities/genreForms/gf2011026207</marc:subfield>
      </marc:datafield>
      <marc:datafield tag="655" ind1=" " ind2="0">
         <marc:subfield code="a">Nonfiction television programs
         (lcgft)</marc:subfield>
         <marc:subfield code="0">http://id.loc.gov/authorities/genreForms/gf2011026425</marc:subfield>
      </marc:datafield>
   </marc:record>