
   <marc:record>
      <marc:leader>      am         3u     </marc:leader>
      <marc:datafield tag="042" ind1=" " ind2=" ">
         <marc:subfield code="a">dc</marc:subfield>
      </marc:datafield>
      <marc:datafield tag="720" ind1=" " ind2=" ">
         <marc:subfield code="a">Universal Pictures</marc:subfield>
         <marc:subfield code="e">Distributor/Release Co. (Film)</marc:subfield>
         <marc:subfield code="0">http://id.loc.gov/authorities/names/n83146749</marc:subfield>
      </marc:datafield>
      <marc:datafield tag="720" ind1=" " ind2=" ">
         <marc:subfield code="a">Fazenda, Louise</marc:subfield>
         <marc:subfield code="e">Cast/Actor</marc:subfield>
         <marc:subfield code="0">http://id.loc.gov/authorities/names/n86075609</marc:subfield>
      </marc:datafield>
      <marc:datafield tag="720" ind1=" " ind2=" ">
         <marc:subfield code="a">MacMahon, Aline</marc:subfield>
         <marc:subfield code="e">Cast/Actor</marc:subfield>
         <marc:subfield code="0">http://id.loc.gov/authorities/names/n88100731</marc:subfield>
      </marc:datafield>
      <marc:datafield tag="720" ind1=" " ind2=" ">
         <marc:subfield code="a">Miller, Seton I.</marc:subfield>
         <marc:subfield code="e">Adapter/Dramatization</marc:subfield>
         <marc:subfield code="0">http://id.loc.gov/authorities/names/n79025723</marc:subfield>
      </marc:datafield>
      <marc:datafield tag="720" ind1=" " ind2=" ">
         <marc:subfield code="a">Pitts,
         ZaSu</marc:subfield>
         <marc:subfield code="e">Cast/Actor</marc:subfield>
         <marc:subfield code="0">http://id.loc.gov/authorities/names/n87860264</marc:subfield>
      </marc:datafield>
      <marc:datafield tag="720" ind1=" " ind2=" ">
         <marc:subfield code="a">Oakie,
         Jack</marc:subfield>
         <marc:subfield code="e">Cast/Actor</marc:subfield>
         <marc:subfield code="0">http://id.loc.gov/authorities/names/n79030391</marc:subfield>
      </marc:datafield>
      <marc:datafield tag="720" ind1=" " ind2=" ">
         <marc:subfield code="a">Fox,
         Sidney</marc:subfield>
         <marc:subfield code="e">Cast/Actor</marc:subfield>
         <marc:subfield code="0">http://id.loc.gov/authorities/names/no2003042572</marc:subfield>
      </marc:datafield>
      <marc:datafield tag="720" ind1=" " ind2=" ">
         <marc:subfield code="a">Universal Pictures</marc:subfield>
         <marc:subfield code="e">Production Company</marc:subfield>
         <marc:subfield code="0">http://id.loc.gov/authorities/names/n83146749</marc:subfield>
      </marc:datafield>
      <marc:datafield tag="720" ind1=" " ind2=" ">
         <marc:subfield code="a">Hart,
         Moss</marc:subfield>
         <marc:subfield code="e">Author/Based on</marc:subfield>
         <marc:subfield code="0">http://id.loc.gov/authorities/names/n80094488</marc:subfield>
      </marc:datafield>
      <marc:datafield tag="720" ind1=" " ind2=" ">
         <marc:subfield code="a">Mack,
         Russell</marc:subfield>
         <marc:subfield code="e">Director</marc:subfield>
         <marc:subfield code="0">http://id.loc.gov/authorities/names/nr2001029081</marc:subfield>
      </marc:datafield>
      <marc:datafield tag="720" ind1=" " ind2=" ">
         <marc:subfield code="a">Kaufman, George S.</marc:subfield>
         <marc:subfield code="e">Author/Based on</marc:subfield>
         <marc:subfield code="0">http://id.loc.gov/authorities/names/n79063710</marc:subfield>
      </marc:datafield>
      <marc:datafield tag="260" ind1=" " ind2=" ">
         <marc:subfield code="c">1932</marc:subfield>
      </marc:datafield>
      <marc:datafield tag="260" ind1=" " ind2=" ">
         <marc:subfield code="c">1932-9-2</marc:subfield>
      </marc:datafield>
      <marc:datafield tag="520" ind1=" " ind2=" ">
         <marc:subfield code="a">"Based on the stage comedy by Moss Hart and George S. Kaufman, Once in a
         Lifetime is a satire of Hollywood's early-talkie era. A down-and-out vaudeville trio (Jack
         Oakie, Aline MacMahon, and Russell Hopton) takes advantage of the confusion attending the
         talkie revolution by heading to Hollywood and posing as voice experts. George (Oakie), the
         team's dimwitted straight man, falls in love with a pretty young miss (Sidney Fox) who has
         come to Hollywood to become an actress -- and won't let her utter lack of talent get in the
         way. Fast-talking themselves into jobs at the Glogauer Studios, the phony vocal specialists
         eventually wear out their welcome and are on the verge of being fired. But George, who has
         been listening to the complaints of a disillusioned screenwriter, suddenly spouts those
         complaints word for word to Mr. Glogauer (Gregory Ratoff) -- and is lauded as a genius for
         being the first man to stand up to the despotic studio head. George is made a producer, and
         immediately sets about filming an expensive movie vehicle for his girlfriend.
         Unfortunately, George had found the script for his film in a wastebasket, and winds up
         shooting the wrong picture. He and his vaudeville chums are fired, but when his picture (an
         incomprehensible farrago shot in darkness because George forgot to turn on the klieg
         lights) is previewed, it is hailed as a daringly original masterpiece. George is made the
         supervising producer of Glogauer Studios, and all ends happily for himself and his friends.
         An interesting precursor to the Singin' in the Rain school of Hollywood kidding itself,
         Once in a Lifetime has tarnished a bit over the years but is still well worth
         seeing"--Allmovie.com, 2014-03-28.</marc:subfield>
      </marc:datafield>
      <marc:datafield tag="337" ind1=" " ind2=" ">
         <marc:subfield code="a">Moving Image</marc:subfield>
         <marc:subfield code="2">MAVIS media type controlled vocabulary</marc:subfield>
      </marc:datafield>
      <marc:datafield tag="024" ind1="8" ind2=" ">
         <marc:subfield code="a">1010</marc:subfield>
         <marc:subfield code="2">MAVIS Title Number</marc:subfield>
      </marc:datafield>
      <marc:datafield tag="024" ind1="8" ind2=" ">
         <marc:subfield code="a">LP3231</marc:subfield>
         <marc:subfield code="2">Copyright Registration Number</marc:subfield>
      </marc:datafield>
      <marc:datafield tag="787" ind1="0" ind2=" ">
         <marc:subfield code="w">2455254</marc:subfield>
         <marc:subfield code="n">MAVIS id number</marc:subfield>
      </marc:datafield>
      <marc:datafield tag="245" ind1="0" ind2="0">
         <marc:subfield code="a">Once in a lifetime.</marc:subfield>
         <marc:subfield code="b">Universal Pictures ; director, Russell Mack ;
         producer, Carl Laemmle Jr. ; adaptation, Seton I. Miller.</marc:subfield>
      </marc:datafield>
      <marc:datafield tag="655" ind1=" " ind2="0">
         <marc:subfield code="a">Comedy films (lcgft)</marc:subfield>
         <marc:subfield code="0">http://id.loc.gov/authorities/genreForms/gf2011026147</marc:subfield>
      </marc:datafield>
      <marc:datafield tag="655" ind1=" " ind2="0">
         <marc:subfield code="a">Feature films (lcgft)</marc:subfield>
         <marc:subfield code="0">http://id.loc.gov/authorities/genreForms/gf2011026247</marc:subfield>
      </marc:datafield>
      <marc:datafield tag="655" ind1=" " ind2="0">
         <marc:subfield code="a">Fiction films (lcgft)</marc:subfield>
         <marc:subfield code="0">http://id.loc.gov/authorities/genreForms/gf2011026250\n</marc:subfield>
      </marc:datafield>
   </marc:record>