
   <marc:record>
      <marc:leader>      am         3u     </marc:leader>
      <marc:datafield tag="042" ind1=" " ind2=" ">
         <marc:subfield code="a">dc</marc:subfield>
      </marc:datafield>
      <marc:datafield tag="720" ind1=" " ind2=" ">
         <marc:subfield code="a">National Educational Television and Radio Center</marc:subfield>
         <marc:subfield code="e">Broadcaster</marc:subfield>
         <marc:subfield code="0">http://id.loc.gov/authorities/names/n80050382</marc:subfield>
      </marc:datafield>
      <marc:datafield tag="720" ind1=" " ind2=" ">
         <marc:subfield code="a">WQED</marc:subfield>
         <marc:subfield code="e">Cooperation/Association</marc:subfield>
         <marc:subfield code="0">http://id.loc.gov/authorities/names/n50036803</marc:subfield>
      </marc:datafield>
      <marc:datafield tag="720" ind1=" " ind2=" ">
         <marc:subfield code="a">Open Theater.</marc:subfield>
         <marc:subfield code="e">Cooperation/Association</marc:subfield>
      </marc:datafield>
      <marc:datafield tag="720" ind1=" " ind2=" ">
         <marc:subfield code="a">Sklar, Roberta</marc:subfield>
         <marc:subfield code="e">Assistant Director</marc:subfield>
         <marc:subfield code="0">http://id.loc.gov/authorities/names/n97855569</marc:subfield>
      </marc:datafield>
      <marc:datafield tag="720" ind1=" " ind2=" ">
         <marc:subfield code="a">Yankowitz, Susan</marc:subfield>
         <marc:subfield code="e">Author/Based on</marc:subfield>
         <marc:subfield code="0">http://id.loc.gov/authorities/names/n85121075</marc:subfield>
      </marc:datafield>
      <marc:datafield tag="720" ind1=" " ind2=" ">
         <marc:subfield code="a">National Educational Television and Radio Center</marc:subfield>
         <marc:subfield code="e">Production Company</marc:subfield>
         <marc:subfield code="0">http://id.loc.gov/authorities/names/n80050382</marc:subfield>
      </marc:datafield>
      <marc:datafield tag="720" ind1=" " ind2=" ">
         <marc:subfield code="a">Venza, Jac</marc:subfield>
         <marc:subfield code="e">Executive Producer</marc:subfield>
         <marc:subfield code="0">http://id.loc.gov/authorities/names/no93017967</marc:subfield>
      </marc:datafield>
      <marc:datafield tag="720" ind1=" " ind2=" ">
         <marc:subfield code="a">Chaikin,
         Joseph</marc:subfield>
         <marc:subfield code="e">Director</marc:subfield>
         <marc:subfield code="0">http://id.loc.gov/authorities/names/n83068976</marc:subfield>
      </marc:datafield>
      <marc:datafield tag="720" ind1=" " ind2=" ">
         <marc:subfield code="a">Silberman,
         Sam</marc:subfield>
         <marc:subfield code="e">Director</marc:subfield>
         <marc:subfield code="0">http://id.loc.gov/authorities/names/no2005032521</marc:subfield>
      </marc:datafield>
      <marc:datafield tag="720" ind1=" " ind2=" ">
         <marc:subfield code="a">Van
         Itallie, Jean Claude</marc:subfield>
         <marc:subfield code="e">Author/Based on</marc:subfield>
         <marc:subfield code="0">http://id.loc.gov/authorities/names/n50044942</marc:subfield>
      </marc:datafield>
      <marc:datafield tag="260" ind1=" " ind2=" ">
         <marc:subfield code="c">1970-10-22</marc:subfield>
      </marc:datafield>
      <marc:datafield tag="520" ind1=" " ind2=" ">
         <marc:subfield code="a">From NET microfiche: In 1963 the Open Theatre Company was formed in New York
         by a group of actors, directors, and playwrights who were dissatisfied with conventional
         theater and wanted to experiment with new forms of expression. Today, under director Joseph
         Chaikin, the Open Theatre is perhaps the leading avant-garde ensemble on the American
         stage. Walter Kerr, drama critic of the New York Times, has called it "the finest company
         of its kind;" and another Times critic, Mel Gussow, termed the Open Theatre players
         "superbly disciplined artists." "The Serpent" is not so much a play as it is a "ceremony,"
         according to its author, Jean-Claude van Itallie, who is probably best known for his 1966
         off-Broadway play "America Hurrah," which ran for nearly two years. With "The Serpent" he
         has constructed a ceremony, he says, "which can be used by the actors to come together with
         their audience." Van Itallie was born in Brussels, Belgium, but raised on Long Island, NY.
         He is a 1958 graduate of Harvard, and a member of the Open Theatre. "The Serpent" recreates
         the story of Genesis, but not in the conventional sense. In Chaikin's words: "The premise
         of the piece is that Man made God in his own image, and held up this God to determine his
         own, Man's, limits." And, he explains: "The text follows the narrative of Genesis, and is
         at the same time a repudiation of its assumptions, this forming a dialectic." Recreating
         their own early concepts and images of Adam and Eve, the serpent, the Garden of Eden, Cain
         and Abel, etc., the actors use a variety of spellbinding techniques to give force to the
         work. These include rhythmic body movements, chanting, counter-pointed dialogue, and at
         times, almost hypnotic repetition. "The creation of this piece was an exploration of
         certain ideas and images that seem to dominate our minds and lives," says van Itallie. "And
         we don't think such in linear fashion. Ideas overlap, themes recur, archetypal figures and
         events transform from shape to shape as they dominate our minds." The Cast: Adam - Mark
         Samuels Eve - Tina Shepard Cain - Raymond Barry Abel - Ralph Lee Chorus - Lee Worley and
         Shami Chaikin Others - James Barbosa - Brenda Dixon - Ron Faber - Jayne Haynes - Peter
         Maloney - Ellen Schindler - Barbara Vann - Paul Zimet Following "The Serpent," which runs
         about 50 minutes, will be a documentary about the Open Theatre. It will include two scenes
         from another of the company's productions - "Terminal" (text by Susan Yankowitz). Suggested
         Newspaper Listing: NET Playhouse - Joseph' Chaikin's avant-garde Open Theatre players
         recreate the story of Genesis as they perform Jean-Claude van Itallie's "The Serpent."
         Followed by a short documentary about the Open Theatre, including scenes from the play
         "Terminal." NET Playhouse #210 - "Open Theatre: The Serpent" is a production of National
         Educational Television, produced through the facilities of public station WQED, Pittsburgh.
         Executive producer: Jac Venza. Associate producer and editor: Victoria Hochburg. "The
         Serpent" is a ceremony written by Jean-Claude van Itallie in collaboration with the Open
         Theatre under the direction of Joseph Chaikin. Mr. Chaikin's associate director is Roberta
         Sklar. Television performance directed by Sam Silberman.</marc:subfield>
      </marc:datafield>
      <marc:datafield tag="337" ind1=" " ind2=" ">
         <marc:subfield code="a">Moving Image</marc:subfield>
         <marc:subfield code="2">MAVIS media type controlled vocabulary</marc:subfield>
      </marc:datafield>
      <marc:datafield tag="024" ind1="8" ind2=" ">
         <marc:subfield code="a">2425849</marc:subfield>
         <marc:subfield code="2">MAVIS Title Number</marc:subfield>
      </marc:datafield>
      <marc:datafield tag="024" ind1="8" ind2=" ">
         <marc:subfield code="a">NPSE</marc:subfield>
         <marc:subfield code="2">NET/PBS NOLA</marc:subfield>
      </marc:datafield>
      <marc:datafield tag="024" ind1="8" ind2=" ">
         <marc:subfield code="a">0</marc:subfield>
         <marc:subfield code="2">NET/PBS number</marc:subfield>
      </marc:datafield>
      <marc:datafield tag="024" ind1="8" ind2=" ">
         <marc:subfield code="a">210</marc:subfield>
         <marc:subfield code="2">Episode Number</marc:subfield>
      </marc:datafield>
      <marc:datafield tag="546" ind1=" " ind2=" ">
         <marc:subfield code="a">English</marc:subfield>
      </marc:datafield>
      <marc:datafield tag="245" ind1="0" ind2="0">
         <marc:subfield code="a">NET playhouse. The serpent.</marc:subfield>
         <marc:subfield code="b">National Educational Television in
         collaboration with the Open Theatre ; director, Sam Silberman.</marc:subfield>
      </marc:datafield>
      <marc:datafield tag="246" ind1="3" ind2="3">
         <marc:subfield code="a">The serpent.</marc:subfield>
      </marc:datafield>
      <marc:datafield tag="246" ind1="3" ind2="3">
         <marc:subfield code="a">NET playhouse. Open Theater: the
         serpent.</marc:subfield>
      </marc:datafield>
      <marc:datafield tag="246" ind1="3" ind2="3">
         <marc:subfield code="a">Open Theater: the serpent.</marc:subfield>
      </marc:datafield>
      <marc:datafield tag="246" ind1="3" ind2="3">
         <marc:subfield code="a">NET playhouse.
         [No. 210], Open Theatre: the serpent.</marc:subfield>
      </marc:datafield>
      <marc:datafield tag="246" ind1="3" ind2="3">
         <marc:subfield code="a">NET playhouse.
         Open Theatre: the serpent.</marc:subfield>
      </marc:datafield>
      <marc:datafield tag="246" ind1="3" ind2="3">
         <marc:subfield code="a">Open Theatre:
         the serpent.</marc:subfield>
      </marc:datafield>
      <marc:datafield tag="246" ind1="3" ind2="3">
         <marc:subfield code="a">NET playhouse. [No. 210], The serpent.</marc:subfield>
      </marc:datafield>
      <marc:datafield tag="655" ind1=" " ind2="0">
         <marc:subfield code="a">Documentary television programs
         (lcgft)</marc:subfield>
         <marc:subfield code="0">http://id.loc.gov/authorities/genreForms/gf2011026207</marc:subfield>
      </marc:datafield>
      <marc:datafield tag="655" ind1=" " ind2="0">
         <marc:subfield code="a">Nonfiction television programs
         (lcgft)</marc:subfield>
         <marc:subfield code="0">http://id.loc.gov/authorities/genreForms/gf2011026425</marc:subfield>
      </marc:datafield>
      <marc:datafield tag="655" ind1=" " ind2="0">
         <marc:subfield code="a">Televised plays (lcgft)</marc:subfield>
         <marc:subfield code="0">http://id.loc.gov/authorities/genreForms/gf2011026647</marc:subfield>
      </marc:datafield>
   </marc:record>