
   <marc:record>
      <marc:leader>      am         3u     </marc:leader>
      <marc:datafield tag="042" ind1=" " ind2=" ">
         <marc:subfield code="a">dc</marc:subfield>
      </marc:datafield>
      <marc:datafield tag="720" ind1=" " ind2=" ">
         <marc:subfield code="a">Badel,
         Alan</marc:subfield>
         <marc:subfield code="e">Cast/Actor</marc:subfield>
         <marc:subfield code="0">http://id.loc.gov/authorities/names/n82225092</marc:subfield>
      </marc:datafield>
      <marc:datafield tag="720" ind1=" " ind2=" ">
         <marc:subfield code="a">Pasco,
         Richard</marc:subfield>
         <marc:subfield code="e">Cast/Actor</marc:subfield>
         <marc:subfield code="0">http://id.loc.gov/authorities/names/n81108581</marc:subfield>
      </marc:datafield>
      <marc:datafield tag="720" ind1=" " ind2=" ">
         <marc:subfield code="a">National Educational Television and Radio Center</marc:subfield>
         <marc:subfield code="e">Broadcaster</marc:subfield>
         <marc:subfield code="0">http://id.loc.gov/authorities/names/n80050382</marc:subfield>
      </marc:datafield>
      <marc:datafield tag="720" ind1=" " ind2=" ">
         <marc:subfield code="a">Leigh-Hunt, Barbara</marc:subfield>
         <marc:subfield code="e">Cast/Actor</marc:subfield>
         <marc:subfield code="0">http://id.loc.gov/authorities/names/n85006640</marc:subfield>
      </marc:datafield>
      <marc:datafield tag="720" ind1=" " ind2=" ">
         <marc:subfield code="a">West,
         Timothy</marc:subfield>
         <marc:subfield code="e">Cast/Actor</marc:subfield>
         <marc:subfield code="0">http://id.loc.gov/authorities/names/n91068329</marc:subfield>
      </marc:datafield>
      <marc:datafield tag="720" ind1=" " ind2=" ">
         <marc:subfield code="a">Westbury, Ken</marc:subfield>
         <marc:subfield code="e">Cinematographer/Director of Photography</marc:subfield>
         <marc:subfield code="0">http://id.loc.gov/authorities/names/no2013132585</marc:subfield>
      </marc:datafield>
      <marc:datafield tag="720" ind1=" " ind2=" ">
         <marc:subfield code="a">Quentin, John.</marc:subfield>
         <marc:subfield code="e">Cast/Actor</marc:subfield>
      </marc:datafield>
      <marc:datafield tag="720" ind1=" " ind2=" ">
         <marc:subfield code="a">Bateson, Timothy</marc:subfield>
         <marc:subfield code="e">Cast/Actor</marc:subfield>
         <marc:subfield code="0">http://id.loc.gov/authorities/names/no89019141</marc:subfield>
      </marc:datafield>
      <marc:datafield tag="720" ind1=" " ind2=" ">
         <marc:subfield code="a">Marriner,
         Neville</marc:subfield>
         <marc:subfield code="e">Director</marc:subfield>
         <marc:subfield code="0">http://id.loc.gov/authorities/names/n81072546</marc:subfield>
      </marc:datafield>
      <marc:datafield tag="720" ind1=" " ind2=" ">
         <marc:subfield code="a">National Educational Television and Radio Center</marc:subfield>
         <marc:subfield code="e">Production Company</marc:subfield>
         <marc:subfield code="0">http://id.loc.gov/authorities/names/n80050382</marc:subfield>
      </marc:datafield>
      <marc:datafield tag="720" ind1=" " ind2=" ">
         <marc:subfield code="a">British Broadcasting Corporation</marc:subfield>
         <marc:subfield code="e">Production Company</marc:subfield>
         <marc:subfield code="0">http://id.loc.gov/authorities/names/n79074359</marc:subfield>
      </marc:datafield>
      <marc:datafield tag="720" ind1=" " ind2=" ">
         <marc:subfield code="a">Canadian Broadcasting Company</marc:subfield>
         <marc:subfield code="e">Production Company</marc:subfield>
      </marc:datafield>
      <marc:datafield tag="720" ind1=" " ind2=" ">
         <marc:subfield code="a">Wilkinson, Anthony</marc:subfield>
         <marc:subfield code="e">Producer</marc:subfield>
      </marc:datafield>
      <marc:datafield tag="720" ind1=" " ind2=" ">
         <marc:subfield code="a">Wilkinson, Anthony</marc:subfield>
         <marc:subfield code="e">Director</marc:subfield>
      </marc:datafield>
      <marc:datafield tag="720" ind1=" " ind2=" ">
         <marc:subfield code="a">Wilkinson, Anthony</marc:subfield>
         <marc:subfield code="e">Writer</marc:subfield>
      </marc:datafield>
      <marc:datafield tag="720" ind1=" " ind2=" ">
         <marc:subfield code="a">Wiles, John,
         1925-1999</marc:subfield>
         <marc:subfield code="e">Writer</marc:subfield>
         <marc:subfield code="0">http://id.loc.gov/authorities/names/no2011120267</marc:subfield>
      </marc:datafield>
      <marc:datafield tag="260" ind1=" " ind2=" ">
         <marc:subfield code="c">1969-6-5</marc:subfield>
      </marc:datafield>
      <marc:datafield tag="520" ind1=" " ind2=" ">
         <marc:subfield code="a">From NET microfiche: Richard Wagner (1813-1883), the nineteenth century's
         greatest musical innovator and certainly its most controversial figure, influenced the
         course of musical theater perhaps more than any other composer. He was extravagant,
         ruthless, egotistical, and a hypnotic personality. His private life - if such it can be
         called since his romantic exploits made him a legend in his own time - was motivated by his
         apparently bottomless need for a women's unquestioning love. And since for him music was
         the externalization of his inner being, this thread - the salvation of man by a woman's
         "pure" love - runs through is entire body of works: "Rienzi," "The Flying Dutchman,"
         "Tannhaueser," "Lohengrin," "Tristan and Isolde," the great "Ring des Niebelungen,"
         "Parsifal," "Die Meistersinger." "The Sigfried Idyll," Wagner's only important chamber
         work, was composed, composed for small orchestra in 1870 to celebrate the birth of his son
         Sigfried. It was also a tribute to the domestic happiness he had shared with Cosima von
         Buelow, his mistress of eight years, the mother of his four children, and the wife of his
         best friend and disciple, the conductor Hans von Buelow. The composition was first
         performed on Christmas Day, 1870, Cosima's birthday, on the staircase outside her bedroom
         at their home in Switzerland. (He and Cosima finally been married in August of that year.)
         Although there was a difference of 27 years in age between Wagner and Cosima, theirs was a
         radiant relationship. Wagner died in Cosima's arms in 1883 and she then pledged to devote
         the rest of her life to building a monument to and preserving the works of, "her master."
         She stood jealous guard over the Wagner legend at the festival theater at Bayreuth in
         Germany for 47 years and died at the age of 93 in 1930. The program "The Siegfried Idyll"
         tells the story of Wagner's love affair with Cosima from 1862 to 1870, years which took him
         from poverty in Vienna and 'exile' in Switzerland, to living off the bounty of the mad King
         Ludwig of Bavaria The film was shot on the authentic locations: in Switzerland at Wagner's
         villa with its magnificent setting on Lake Lucerne; and in Germany at Lake Starnberg. The
         Cast: Richard Wagner - Alan Badel Cosima von Buelow - Barbara Leigh-Hunt Hans von Buelow -
         Richard Pasco King Ludwig II - John Quentin Hans Richter - Timothy West Cornelius - Timothy
         Bateson Pfistermeister - Peter Stephens Friedrich Nietzsche - David Spestis Maid at
         Triebschen - Ina de la Haye Maid at Biebrich - Bella Emberg Priest - Henry Bartlett Painter
         - Michael Bretton The Musicians - The Academy of St. Martin-in-the Fields Director: Neville
         Marriner NET Playhouse - "The Siegfried Idyll" is a co-production of NET, the British
         Broadcasting Corporation, and the Canadian Broadcasting Company. It was produced and
         directed by Anthony Wilkinson of the BBC, written by Mr. Wilkinson and John Wiles,
         photographed by Ken Westbury. Costumes by Joyce Macken and designs by Spencer Chapman.
         FILLER INFORMATION: Filler material running 8:42 has been added to "The Siegfried Idyll" to
         bring it to the full 90 minutes. Entitled "Color Music Opus 5, No. 1" the filler material
         is an animated color film produced by Edward Carlton Snyder, and consists of abstract and
         electronic color images choreographed to the first movement from Beethoven's Symphony No. 8
         in F major.</marc:subfield>
      </marc:datafield>
      <marc:datafield tag="337" ind1=" " ind2=" ">
         <marc:subfield code="a">Moving Image</marc:subfield>
         <marc:subfield code="2">MAVIS media type controlled vocabulary</marc:subfield>
      </marc:datafield>
      <marc:datafield tag="024" ind1="8" ind2=" ">
         <marc:subfield code="a">2336755</marc:subfield>
         <marc:subfield code="2">MAVIS Title Number</marc:subfield>
      </marc:datafield>
      <marc:datafield tag="024" ind1="8" ind2=" ">
         <marc:subfield code="a">NPBS</marc:subfield>
         <marc:subfield code="2">NET/PBS NOLA</marc:subfield>
      </marc:datafield>
      <marc:datafield tag="024" ind1="8" ind2=" ">
         <marc:subfield code="a">0</marc:subfield>
         <marc:subfield code="2">NET/PBS number</marc:subfield>
      </marc:datafield>
      <marc:datafield tag="024" ind1="8" ind2=" ">
         <marc:subfield code="a">140</marc:subfield>
         <marc:subfield code="2">Episode Number</marc:subfield>
      </marc:datafield>
      <marc:datafield tag="546" ind1=" " ind2=" ">
         <marc:subfield code="a">English</marc:subfield>
      </marc:datafield>
      <marc:datafield tag="653" ind1=" " ind2=" ">
         <marc:subfield code="a">Wagner, Richard, 1813-1883</marc:subfield>
         <marc:subfield code="0">http://id.loc.gov/authorities/names/n79089831</marc:subfield>
      </marc:datafield>
      <marc:datafield tag="245" ind1="0" ind2="0">
         <marc:subfield code="a">NET playhouse. The siegfried idyll.</marc:subfield>
         <marc:subfield code="b">NET, BBC and Canadian Broadcasting Company ;
         producer-director, Anthony Wilkinson ; writers, Anthony Wilkinson and John
         Wiles.</marc:subfield>
      </marc:datafield>
      <marc:datafield tag="246" ind1="3" ind2="3">
         <marc:subfield code="a">The siegfried idyll.</marc:subfield>
      </marc:datafield>
      <marc:datafield tag="246" ind1="3" ind2="3">
         <marc:subfield code="a">Sigfried idyll (Richard Wagner).
         (NET Playhouse #140).</marc:subfield>
      </marc:datafield>
      <marc:datafield tag="246" ind1="3" ind2="3">
         <marc:subfield code="a">NET playhouse. [No. 140], The siegfried
         idyll.</marc:subfield>
      </marc:datafield>
      <marc:datafield tag="655" ind1=" " ind2="0">
         <marc:subfield code="a">Fiction television programs
         (lcgft)</marc:subfield>
         <marc:subfield code="0">http://id.loc.gov/authorities/genreForms/gf2011026252\n</marc:subfield>
      </marc:datafield>
      <marc:datafield tag="655" ind1=" " ind2="0">
         <marc:subfield code="a">Televised plays (lcgft)</marc:subfield>
         <marc:subfield code="0">http://id.loc.gov/authorities/genreForms/gf2011026647</marc:subfield>
      </marc:datafield>
   </marc:record>