
   <marc:record>
      <marc:leader>      am         3u     </marc:leader>
      <marc:datafield tag="042" ind1=" " ind2=" ">
         <marc:subfield code="a">dc</marc:subfield>
      </marc:datafield>
      <marc:datafield tag="720" ind1=" " ind2=" ">
         <marc:subfield code="a">Helpmann, Robert</marc:subfield>
         <marc:subfield code="e">Cast/Actor</marc:subfield>
         <marc:subfield code="0">http://id.loc.gov/authorities/names/n50027178</marc:subfield>
      </marc:datafield>
      <marc:datafield tag="720" ind1=" " ind2=" ">
         <marc:subfield code="a">Helpmann,
         Robert</marc:subfield>
         <marc:subfield code="e">Cinematographer/Director of Photography</marc:subfield>
         <marc:subfield code="0">http://id.loc.gov/authorities/names/n50027178</marc:subfield>
      </marc:datafield>
      <marc:datafield tag="720" ind1=" " ind2=" ">
         <marc:subfield code="a">Birkett, Michael</marc:subfield>
         <marc:subfield code="e">Adapter/Dramatization</marc:subfield>
         <marc:subfield code="0">http://id.loc.gov/authorities/names/no2002054020</marc:subfield>
      </marc:datafield>
      <marc:datafield tag="720" ind1=" " ind2=" ">
         <marc:subfield code="a">Melos Ensemble.</marc:subfield>
         <marc:subfield code="e">Musical Group/Vocal Group</marc:subfield>
      </marc:datafield>
      <marc:datafield tag="720" ind1=" " ind2=" ">
         <marc:subfield code="a">National
         Educational Television and Radio Center</marc:subfield>
         <marc:subfield code="e">Presenter</marc:subfield>
         <marc:subfield code="0">http://id.loc.gov/authorities/names/n80050382</marc:subfield>
      </marc:datafield>
      <marc:datafield tag="720" ind1=" " ind2=" ">
         <marc:subfield code="a">National Educational Television and Radio Center</marc:subfield>
         <marc:subfield code="e">Broadcaster</marc:subfield>
         <marc:subfield code="0">http://id.loc.gov/authorities/names/n80050382</marc:subfield>
      </marc:datafield>
      <marc:datafield tag="720" ind1=" " ind2=" ">
         <marc:subfield code="a">Beriosova, Svetlana</marc:subfield>
         <marc:subfield code="e">Cast/Actor</marc:subfield>
         <marc:subfield code="0">http://id.loc.gov/authorities/names/n80040483</marc:subfield>
      </marc:datafield>
      <marc:datafield tag="720" ind1=" " ind2=" ">
         <marc:subfield code="a">Phelan, Brian</marc:subfield>
         <marc:subfield code="e">Cast/Actor</marc:subfield>
      </marc:datafield>
      <marc:datafield tag="720" ind1=" " ind2=" ">
         <marc:subfield code="a">Hudson, Derek</marc:subfield>
         <marc:subfield code="e">Conductor</marc:subfield>
      </marc:datafield>
      <marc:datafield tag="720" ind1=" " ind2=" ">
         <marc:subfield code="a">Birkett,
         Michael</marc:subfield>
         <marc:subfield code="e">Director</marc:subfield>
         <marc:subfield code="0">http://id.loc.gov/authorities/names/no2002054020</marc:subfield>
      </marc:datafield>
      <marc:datafield tag="720" ind1=" " ind2=" ">
         <marc:subfield code="a">Miller,
         Dennis</marc:subfield>
         <marc:subfield code="e">Producer</marc:subfield>
         <marc:subfield code="0">http://id.loc.gov/authorities/names/n88245148</marc:subfield>
      </marc:datafield>
      <marc:datafield tag="720" ind1=" " ind2=" ">
         <marc:subfield code="a">Cassini, Leonard.</marc:subfield>
         <marc:subfield code="e">Producer</marc:subfield>
      </marc:datafield>
      <marc:datafield tag="720" ind1=" " ind2=" ">
         <marc:subfield code="a">Stravinsky, Igor</marc:subfield>
         <marc:subfield code="e">Author/Based on</marc:subfield>
         <marc:subfield code="0">http://id.loc.gov/authorities/names/n79070061</marc:subfield>
      </marc:datafield>
      <marc:datafield tag="720" ind1=" " ind2=" ">
         <marc:subfield code="a">Chessid, Kay</marc:subfield>
         <marc:subfield code="e">Producer</marc:subfield>
      </marc:datafield>
      <marc:datafield tag="720" ind1=" " ind2=" ">
         <marc:subfield code="a">British Home Entertainment</marc:subfield>
         <marc:subfield code="e">Production Company</marc:subfield>
         <marc:subfield code="0">http://id.loc.gov/authorities/names/no2002085883</marc:subfield>
      </marc:datafield>
      <marc:datafield tag="720" ind1=" " ind2=" ">
         <marc:subfield code="a">Vermont Educational Television</marc:subfield>
         <marc:subfield code="e">Production Company</marc:subfield>
      </marc:datafield>
      <marc:datafield tag="260" ind1=" " ind2=" ">
         <marc:subfield code="c">1968-10-18</marc:subfield>
      </marc:datafield>
      <marc:datafield tag="260" ind1=" " ind2=" ">
         <marc:subfield code="c">1969-12-25</marc:subfield>
      </marc:datafield>
      <marc:datafield tag="520" ind1=" " ind2=" ">
         <marc:subfield code="a">From NET microfiche, file S: Background Information: Igor Stravinsky wrote
         "The Soldier's Tale" in Switzerland after the outbreak of World War I. The newly-won
         Communist Revolution in Russia had cut off his financial resources and he had formed a
         circle of artist-friends, many of whom were also affected economically by the war. To find
         some way of alleviating their straightened circumstances, Stravinsky, the writer CF Ramuz,
         conductor Ernest Ansermet and the painter Rene Auberjonois, hit upon the idea of a small
         traveling theater for which they would produce a suitable stage work. Although the
         traveling theater project never came to fruition, the little stage work did - "The
         Soldier's Tale," music by Stravinsky, libretto by Ramuz, dcor and costumes by Auberjonois.
         At its first performance, on September 28, 1918, at the Lausanne (Switzerland) Theatre,
         Ernest Ansermet conducted. "The Soldier's Tale" was based on a cycle of Russian folk
         legends dealing with the adventures of a soldier who has deserted army and is pursued by
         the Devil who wants to possess his soul. In his "Chronicles of My Life," Stravinsky
         explains that these folk tales came out of a cruel period of enforced recruitment under
         Czar Nicholas I, a period which also produced many songs of lamentation by women left
         bereft of their menfolk by the wars. He says that although the character of these tales and
         songs is specifically Russian, "it was this essentially human aspect of the tragic story of
         the soldier destined to become the prey of the Devil that attracted Ramuz and myself."
         Because it was intended to be a portable stage work, Stravinsky wrote the work for a small
         group of solo instruments: violin, double bass, clarinet, bassoon, cornet, trombone, and
         various percussion. There are two speaking parts, one of which is mimed and danced, one
         non-speaking part, and a narrator. The French musicologist and critic Andre Hodeir writes
         "The Soldier's Tale" that it "might have been written by some circus juggler turned
         composer; in it Stravinsky accomplished a genuine tour de force  [the work] containing,
         helter-skelter, a fake and a discordant chorale, but the total effect is one of
         extraordinary unity." This production of "The Soldier's Tale" was filmed mainly on
         location. The plot: On his way home from war, a soldier-deserter is playing his violin
         beside a sunlit pool. The Devil, in the guise of an elderly lepidopterist, is attracted by
         the Soldier's playing and asks the Soldier for his violin. When the Soldier refuses, the
         Devil offers him a book of riches in exchange. The Soldier accepts. But the Devil finds he
         cannot play the violin and persuades the solder to come back to his splendid mansion to
         give him lessons. In the mansion, the Soldier is overwhelmed by a kind of luxury he has
         never known: a wide, soft bed, incredibly wonderful things to eat. The next morning, the
         Soldier resumes his journey home. When he finally arrives at his native village, he is
         treated like an evil presence. Friends disappear behind shuttered windows; his mother
         screams at the sight of him; his fianc, married to another, hugs her children close to her
         as if to protect them from a forbidding stranger. The Devil has tricked him. What seemed to
         be only one night was actually ten years. Long presumed dead, the Soldier was taken for his
         own ghost. But he still has the book of riches, and in time grows enormously wealthy.
         However, his riches bring him no joy and he longs to lose what he has gained in order to
         become himself once again. So, during a cared game, he tricks the Devil into taking his
         last money and so wins back his violin. And then with his violin, he wins the beautiful
         Princess as his wife and finds happiness beyond his imagination. But this happiness will
         remain his on one condition. He must never cross the border to go home again. And then the
         Devil plants the seed of curiosity in the Princess' mind. She pleads with the Soldier to
         take her to see the village where he was born and to meet his mother. Since the Soldier
         truly loves the Princess, he cannot refuse her. He takes off at last down the road to the
         frontier where the Devil is waiting to claim his soul. The cast of "The Soldier's Tale" is
         headed by the world-famous character dancer Robert Helpmann, who appears in eight different
         disguises as the Devil. Brian Phelan plays the part of the Soldier, and Svetlana Berlosova,
         prima ballerina of Britain's Royal Ballet Company, is the Princess. Narrator is Anthony
         Nicolls. The Melos Ensemble is directed by Derek Hudson. NET Playhouse - "The Soldier's
         Tale" is a National Educational Television presentation, produced by Leonard Cassini and
         Dennis Miller for British Home Entertainment, Ltd. Directed and adapted by Michael Birkett.
         Photographer: Dennis Miller. Choreography by Robert Helpmann. NET Producer: Kay Chessid.
         FILLER INFORMATION: "The Uniform" is approximately 7 minutes in length and is a color
         animated cartoon from Poland. FILLER INFORMATION (December 26, 1969 broadcast): To be seen
         with "A Soldier's Tale" will be a 36-minute (approximately) color documentary entitled
         "Talisman: Barra," from the film unit of the Vermont Educational Television network.
         "Talisman: Barra," is the story of Robert Lister Macneil, an American by birth, who
         discovered when he was a boy that he was the Chief of the Scottish Clan Macneil. He visited
         his ancestral home on the tiny island of Barra in the Outer Hebrides and found the castle a
         total ruin, owned by a land-holder in London - not a Macneil. The young Chief spent 40
         years and his savings to acquire the Macneil estate and then spent over 30 years in
         restoring the castle. The film was shot on location at this remote settlement in the Outer
         Hebrides. "Talisman: Barra" is a National Educational Television presentation, produced by
         Dr. Raymond Phillips for Vermont Educational Television. Writer-director: Gary Simpson.
         Cinematographer: Louis Phillips. The film was made possible by a grant from the MacNeil
         Foundation as a gift to the Clan.</marc:subfield>
      </marc:datafield>
      <marc:datafield tag="337" ind1=" " ind2=" ">
         <marc:subfield code="a">Moving Image</marc:subfield>
         <marc:subfield code="2">MAVIS media type controlled vocabulary</marc:subfield>
      </marc:datafield>
      <marc:datafield tag="024" ind1="8" ind2=" ">
         <marc:subfield code="a">2336746</marc:subfield>
         <marc:subfield code="2">MAVIS Title Number</marc:subfield>
      </marc:datafield>
      <marc:datafield tag="024" ind1="8" ind2=" ">
         <marc:subfield code="a">NPST</marc:subfield>
         <marc:subfield code="2">NET/PBS NOLA</marc:subfield>
      </marc:datafield>
      <marc:datafield tag="024" ind1="8" ind2=" ">
         <marc:subfield code="a">0</marc:subfield>
         <marc:subfield code="2">NET/PBS number</marc:subfield>
      </marc:datafield>
      <marc:datafield tag="024" ind1="8" ind2=" ">
         <marc:subfield code="a">169?</marc:subfield>
         <marc:subfield code="2">NET/PBS number</marc:subfield>
      </marc:datafield>
      <marc:datafield tag="546" ind1=" " ind2=" ">
         <marc:subfield code="a">English</marc:subfield>
      </marc:datafield>
      <marc:datafield tag="653" ind1=" " ind2=" ">
         <marc:subfield code="a">Devil</marc:subfield>
         <marc:subfield code="0">http://id.loc.gov/authorities/subjects/sh85037376</marc:subfield>
      </marc:datafield>
      <marc:datafield tag="653" ind1=" " ind2=" ">
         <marc:subfield code="a">Soldiers</marc:subfield>
         <marc:subfield code="0">http://id.loc.gov/authorities/subjects/sh85124554</marc:subfield>
      </marc:datafield>
      <marc:datafield tag="245" ind1="0" ind2="0">
         <marc:subfield code="a">NET playhouse. The soldier's tale.</marc:subfield>
         <marc:subfield code="b">Produced by Leonard Cassini and Dennis Miller
         ; for British Home Entertainment, Ltd. ; National Educational Television presentation ;
         directed and adapted by MIchael Birkett ; [by] Igor Stravinsky ; NET producer, Kay
         Chessid.</marc:subfield>
      </marc:datafield>
      <marc:datafield tag="246" ind1="3" ind2="3">
         <marc:subfield code="a">The soldier's tale.</marc:subfield>
      </marc:datafield>
      <marc:datafield tag="246" ind1="3" ind2="3">
         <marc:subfield code="a">Talisman--Barra.</marc:subfield>
      </marc:datafield>
      <marc:datafield tag="246" ind1="3" ind2="3">
         <marc:subfield code="a">The uniform.</marc:subfield>
      </marc:datafield>
      <marc:datafield tag="246" ind1="3" ind2="3">
         <marc:subfield code="a">NET playhouse. [No. 169], The soldier's
         tale.</marc:subfield>
      </marc:datafield>
      <marc:datafield tag="246" ind1="3" ind2="3">
         <marc:subfield code="a">A soldier's tale.</marc:subfield>
      </marc:datafield>
      <marc:datafield tag="655" ind1=" " ind2="0">
         <marc:subfield code="a">Television adaptations
         (lcgft)</marc:subfield>
         <marc:subfield code="0">http://id.loc.gov/authorities/genreForms/gf2011026653\n</marc:subfield>
      </marc:datafield>
      <marc:datafield tag="655" ind1=" " ind2="0">
         <marc:subfield code="a">Animated television programs
         (lcgft)</marc:subfield>
         <marc:subfield code="0">http://id.loc.gov/authorities/genreForms/gf2011026050\n</marc:subfield>
      </marc:datafield>
      <marc:datafield tag="655" ind1=" " ind2="0">
         <marc:subfield code="a">Dance television programs
         (lcgft)</marc:subfield>
         <marc:subfield code="0">http://id.loc.gov/authorities/genreForms/gf2011026189</marc:subfield>
      </marc:datafield>
      <marc:datafield tag="655" ind1=" " ind2="0">
         <marc:subfield code="a">Fantasy television programs
         (lcgft)</marc:subfield>
         <marc:subfield code="0">http://id.loc.gov/authorities/genreForms/gf2011026244</marc:subfield>
      </marc:datafield>
      <marc:datafield tag="655" ind1=" " ind2="0">
         <marc:subfield code="a">Fiction television programs
         (lcgft)</marc:subfield>
         <marc:subfield code="0">http://id.loc.gov/authorities/genreForms/gf2011026252\n</marc:subfield>
      </marc:datafield>
   </marc:record>