
   <marc:record>
      <marc:leader>      am         3u     </marc:leader>
      <marc:datafield tag="042" ind1=" " ind2=" ">
         <marc:subfield code="a">dc</marc:subfield>
      </marc:datafield>
      <marc:datafield tag="720" ind1=" " ind2=" ">
         <marc:subfield code="a">National Educational Television and Radio Center</marc:subfield>
         <marc:subfield code="e">Broadcaster</marc:subfield>
         <marc:subfield code="0">http://id.loc.gov/authorities/names/n80050382</marc:subfield>
      </marc:datafield>
      <marc:datafield tag="720" ind1=" " ind2=" ">
         <marc:subfield code="a">National Educational Television and Radio Center</marc:subfield>
         <marc:subfield code="e">Production Company</marc:subfield>
         <marc:subfield code="0">http://id.loc.gov/authorities/names/n80050382</marc:subfield>
      </marc:datafield>
      <marc:datafield tag="260" ind1=" " ind2=" ">
         <marc:subfield code="c">1966-9-4</marc:subfield>
      </marc:datafield>
      <marc:datafield tag="520" ind1=" " ind2=" ">
         <marc:subfield code="a">From NET microfiche, file S: Looking back from the vantage point of maturity,
         it seems to Stephen Minch, an inventor, and his crony, Hanus Wicks, that much of the
         unhappiness they are experiencing in the present might have been avoided by different
         choices in their youth. Minch's invention of a time machine provides them with an
         opportunity to see what the consequences of other choices might have been. Stephen and his
         wife, Martha, are the chief characters, and it is these two who are brought to realize that
         the life they have lived is fuller and richer than it would have been if each had chosen
         another mate and another way of life. In short, Stephen has achieved success of a more real
         and lasting kind than if he had pursued money and fame, and Martha has won greater
         happiness that if she had married the "go-getter." What playwright Maxwell Anderson seems
         to be saying was expressed in a review of the original Broadway production in 1937: "
         People achieve the most happiness for themselves by making their choices in life, not for
         deliberate advancement, but for peace of spirit." THE STAR WAGON is a fantasy concerning
         itself with the question "If I had my life to live over again, would I do it differently?"
         From NET microfiche, file N: Program 3: The Star Wagon Orson Bean, Eileen Brennan, Dustin
         Hoffman, and Joan Lorring in a full-length production of Maxwell Anderson's comedy-fantasy
         about the absentminded inventor of a time machine and the foolish notion: as it turns out:
         of wanting to live a life over again. Television premiere.</marc:subfield>
      </marc:datafield>
      <marc:datafield tag="337" ind1=" " ind2=" ">
         <marc:subfield code="a">Moving Image</marc:subfield>
         <marc:subfield code="2">MAVIS media type controlled vocabulary</marc:subfield>
      </marc:datafield>
      <marc:datafield tag="024" ind1="8" ind2=" ">
         <marc:subfield code="a">2411261</marc:subfield>
         <marc:subfield code="2">MAVIS Title Number</marc:subfield>
      </marc:datafield>
      <marc:datafield tag="024" ind1="8" ind2=" ">
         <marc:subfield code="a">NPSW</marc:subfield>
         <marc:subfield code="2">NET/PBS NOLA</marc:subfield>
      </marc:datafield>
      <marc:datafield tag="024" ind1="8" ind2=" ">
         <marc:subfield code="a">999</marc:subfield>
         <marc:subfield code="2">NET/PBS number</marc:subfield>
      </marc:datafield>
      <marc:datafield tag="546" ind1=" " ind2=" ">
         <marc:subfield code="a">English</marc:subfield>
      </marc:datafield>
      <marc:datafield tag="787" ind1="0" ind2=" ">
         <marc:subfield code="w">1826434</marc:subfield>
         <marc:subfield code="n">MAVIS id number</marc:subfield>
      </marc:datafield>
      <marc:datafield tag="245" ind1="0" ind2="0">
         <marc:subfield code="a">NET playhouse. The star wagon. [Credit
         sequence].</marc:subfield>
         <marc:subfield code="b">a production of National Educational
         Television ; produced and directed by Karl Genus.</marc:subfield>
      </marc:datafield>
      <marc:datafield tag="246" ind1="3" ind2="3">
         <marc:subfield code="a">The star wagon.</marc:subfield>
      </marc:datafield>
      <marc:datafield tag="246" ind1="3" ind2="3">
         <marc:subfield code="a">NET playhouse on the
         30s.</marc:subfield>
      </marc:datafield>
      <marc:datafield tag="246" ind1="3" ind2="3">
         <marc:subfield code="a">NET playhouse. [No. 137], The star wagon.</marc:subfield>
      </marc:datafield>
   </marc:record>