
   <marc:record>
      <marc:leader>      am         3u     </marc:leader>
      <marc:datafield tag="042" ind1=" " ind2=" ">
         <marc:subfield code="a">dc</marc:subfield>
      </marc:datafield>
      <marc:datafield tag="720" ind1=" " ind2=" ">
         <marc:subfield code="a">National
         Educational Television and Radio Center</marc:subfield>
         <marc:subfield code="e">Presenter</marc:subfield>
         <marc:subfield code="0">http://id.loc.gov/authorities/names/n80050382</marc:subfield>
      </marc:datafield>
      <marc:datafield tag="720" ind1=" " ind2=" ">
         <marc:subfield code="a">National Educational Television and Radio Center</marc:subfield>
         <marc:subfield code="e">Broadcaster</marc:subfield>
         <marc:subfield code="0">http://id.loc.gov/authorities/names/n80050382</marc:subfield>
      </marc:datafield>
      <marc:datafield tag="720" ind1=" " ind2=" ">
         <marc:subfield code="a">Walker, Jewel</marc:subfield>
         <marc:subfield code="e">Cast/Actor</marc:subfield>
      </marc:datafield>
      <marc:datafield tag="720" ind1=" " ind2=" ">
         <marc:subfield code="a">McCormick, Gilmer</marc:subfield>
         <marc:subfield code="e">Cast/Actor</marc:subfield>
         <marc:subfield code="0">http://id.loc.gov/authorities/names/no2001091030</marc:subfield>
      </marc:datafield>
      <marc:datafield tag="720" ind1=" " ind2=" ">
         <marc:subfield code="a">Venza, Jac</marc:subfield>
         <marc:subfield code="e">Executive Producer</marc:subfield>
         <marc:subfield code="0">http://id.loc.gov/authorities/names/no93017967</marc:subfield>
      </marc:datafield>
      <marc:datafield tag="720" ind1=" " ind2=" ">
         <marc:subfield code="a">WQED</marc:subfield>
         <marc:subfield code="e">Production Company</marc:subfield>
         <marc:subfield code="0">http://id.loc.gov/authorities/names/n50036803</marc:subfield>
      </marc:datafield>
      <marc:datafield tag="720" ind1=" " ind2=" ">
         <marc:subfield code="a">Brauchitsch, Matt von</marc:subfield>
         <marc:subfield code="e">Producer</marc:subfield>
      </marc:datafield>
      <marc:datafield tag="720" ind1=" " ind2=" ">
         <marc:subfield code="a">Brauchitsch, Matt von</marc:subfield>
         <marc:subfield code="e">Director</marc:subfield>
      </marc:datafield>
      <marc:datafield tag="260" ind1=" " ind2=" ">
         <marc:subfield code="c">1970-5-21</marc:subfield>
      </marc:datafield>
      <marc:datafield tag="520" ind1=" " ind2=" ">
         <marc:subfield code="a">From NET microfiche, file T: The setting is Greenfield, a western Pennsylvania
         town in which a large neighborhood may soon be torn down to make way for a highway. The
         residents are bitter. Many feel the price they will be offered for their property will not
         nearly cover the cost of finding a new home and moving, others, chiefly the older citizens,
         simply don't want to leave the neighborhood they've known all their lives, no matter what
         price they get. The civic meetings are stormy. There is talk of everything from legal
         action to lying down in front of the bulldozers. The above is not a fictional setting. It
         was the actual circumstance in the summer of 1969 when cameramen from public TV station
         WQED Pittsburgh, went to Greenfield to film the meetings at which the residents gathered
         to plan their strategy. Into this charged atmosphere, WQED producer Mat von Brauchitsch
         inserted an actor and an actress who play their roles in part by interacting with the
         townspeople. Jewel Walker portrays Jules Renick, a quiet, apathetic man who dwells in the
         past when his wife was alive. Gilmer Mccormick plays his daughter, Karen, a girl who grows
         progressively more restless. She is struggling against the conventional mentality of the
         community, which dictates that a girl's only reason for leaving home is getting married.
         Karen feels trapped, wanting desperately to go off on her own, but she is fearful of
         hurting her father. Then, along comes the highway project, and in her father's reluctance
         to join the fight against it, Karen sees a chance to break the hold which Hie community has
         over her. So unfolds "The Taking," which, for want of a better term, ' is referred to as a
         "docu-drama" because- it is both- drama and documentary. There is the drama of Jules'
         crumbling relationship with his daughter, and the documentation of people who feel their
         lives are being unjustly disrupted by the state. The combined two elements create greater
         authenticity and spontaneity. Jules and Karen are both going against the grain. The father,
         true to his apathetic nature, dislikes the idea of fighting the government, even in legal
         terms, and definitely opposes civil disobedience. Karen, of course, rejects the traditional
         attitudes of the townspeople. Therefore, when Jules and Karen are interacting with the
         people of Greenfield, the results a.Te uniquely authentic and spontaneous, on both the
         documentary and dramatic levels. There is a third professional performer in this
         production, Craig Bovia, who appears as Karen's boyfriend. Bovia was recently seen on NET
         Playhouse in "Stopped Running." Gilmer McCormick, incidentally, will appear on NET
         Playhouse three times in a four-week period: "The Taking" (May 21), "Confrontation" (May
         28), and "The Ceremony of Innocence" (June 11). PLEASE NOTE: WQED will be mailing a press
         kit to stations for this program. NET Playhouse - "The Taking" is a National Educational
         Television presentation, produced by WQED, Pittsburgh, under a special grant for
         experimental drama from the Ford Foundation. Producer and director: Mat von Brauchitsch.
         NET executive producer: Jac Venza. Filler for NET Playhouse #189 - The Taking This is to
         announce that there will be a 14 minute (approx.) black and white filler entitled "The
         Grandfather" for NET Playhouse #189 - The Taking Suggested Newspaper Listing: An aroused
         community threatened by a highway project provides an authentic setting for this
         experimental "docu-drama" about a widower and his daughter who face a crisis in their
         relationship.</marc:subfield>
      </marc:datafield>
      <marc:datafield tag="337" ind1=" " ind2=" ">
         <marc:subfield code="a">Moving Image</marc:subfield>
         <marc:subfield code="2">MAVIS media type controlled vocabulary</marc:subfield>
      </marc:datafield>
      <marc:datafield tag="024" ind1="8" ind2=" ">
         <marc:subfield code="a">2308065</marc:subfield>
         <marc:subfield code="2">MAVIS Title Number</marc:subfield>
      </marc:datafield>
      <marc:datafield tag="024" ind1="8" ind2=" ">
         <marc:subfield code="a">NETP</marc:subfield>
         <marc:subfield code="2">NET/PBS NOLA</marc:subfield>
      </marc:datafield>
      <marc:datafield tag="024" ind1="8" ind2=" ">
         <marc:subfield code="a">256 (PBS-1994.xls Excel spreadsheet)</marc:subfield>
         <marc:subfield code="2">NET/PBS number</marc:subfield>
      </marc:datafield>
      <marc:datafield tag="024" ind1="8" ind2=" ">
         <marc:subfield code="a">189 (NET microfiche, file N)</marc:subfield>
         <marc:subfield code="2">NET/PBS number</marc:subfield>
      </marc:datafield>
      <marc:datafield tag="546" ind1=" " ind2=" ">
         <marc:subfield code="a">English</marc:subfield>
      </marc:datafield>
      <marc:datafield tag="653" ind1=" " ind2=" ">
         <marc:subfield code="a">Roads--Location</marc:subfield>
         <marc:subfield code="0">http://id.loc.gov/authorities/subjects/sh85114507</marc:subfield>
      </marc:datafield>
      <marc:datafield tag="653" ind1=" " ind2=" ">
         <marc:subfield code="a">Relocation (Housing)</marc:subfield>
         <marc:subfield code="0">http://id.loc.gov/authorities/subjects/sh85112759</marc:subfield>
      </marc:datafield>
      <marc:datafield tag="245" ind1="0" ind2="0">
         <marc:subfield code="a">NET playhouse. The taking.</marc:subfield>
         <marc:subfield code="b">WQED, Pittsburgh ; National Educational
         Television presentation ; producer-director, Mat von Brauchitsch ; NET executive producer,
         Jac Venza.</marc:subfield>
      </marc:datafield>
      <marc:datafield tag="246" ind1="3" ind2="3">
         <marc:subfield code="a">The taking.</marc:subfield>
      </marc:datafield>
      <marc:datafield tag="246" ind1="3" ind2="3">
         <marc:subfield code="a">NET playhouse. [No. 256], The taking.</marc:subfield>
      </marc:datafield>
      <marc:datafield tag="246" ind1="3" ind2="3">
         <marc:subfield code="a">NET playhouse. [No. 189], The taking.</marc:subfield>
      </marc:datafield>
      <marc:datafield tag="655" ind1=" " ind2="0">
         <marc:subfield code="a">Documentary-style television programs
         (lcgft)</marc:subfield>
         <marc:subfield code="0">http://id.loc.gov/authorities/genreForms/gf2011026209</marc:subfield>
      </marc:datafield>
      <marc:datafield tag="655" ind1=" " ind2="0">
         <marc:subfield code="a">Fiction television programs
         (lcgft)</marc:subfield>
         <marc:subfield code="0">http://id.loc.gov/authorities/genreForms/gf2011026252\n</marc:subfield>
      </marc:datafield>
   </marc:record>