
   <marc:record>
      <marc:leader>      am         3u     </marc:leader>
      <marc:datafield tag="042" ind1=" " ind2=" ">
         <marc:subfield code="a">dc</marc:subfield>
      </marc:datafield>
      <marc:datafield tag="720" ind1=" " ind2=" ">
         <marc:subfield code="a">National Educational Television and Radio Center</marc:subfield>
         <marc:subfield code="e">Broadcaster</marc:subfield>
         <marc:subfield code="0">http://id.loc.gov/authorities/names/n80050382</marc:subfield>
      </marc:datafield>
      <marc:datafield tag="720" ind1=" " ind2=" ">
         <marc:subfield code="a">Itami,
         Juzo</marc:subfield>
         <marc:subfield code="e">Cast/Actor</marc:subfield>
         <marc:subfield code="0">http://id.loc.gov/authorities/names/n84083848</marc:subfield>
      </marc:datafield>
      <marc:datafield tag="720" ind1=" " ind2=" ">
         <marc:subfield code="a">Chessid, Kay</marc:subfield>
         <marc:subfield code="e">Associate Producer</marc:subfield>
      </marc:datafield>
      <marc:datafield tag="720" ind1=" " ind2=" ">
         <marc:subfield code="a">Murasaki Shikibu</marc:subfield>
         <marc:subfield code="e">Author/Based on</marc:subfield>
         <marc:subfield code="0">http://id.loc.gov/authorities/names/n79100628</marc:subfield>
      </marc:datafield>
      <marc:datafield tag="720" ind1=" " ind2=" ">
         <marc:subfield code="a">Tanaka,
         Sumie</marc:subfield>
         <marc:subfield code="e">Writer</marc:subfield>
         <marc:subfield code="0">http://id.loc.gov/authorities/names/n81047178</marc:subfield>
      </marc:datafield>
      <marc:datafield tag="720" ind1=" " ind2=" ">
         <marc:subfield code="a">Mainichi Broadcasting System</marc:subfield>
         <marc:subfield code="e">Production Company</marc:subfield>
         <marc:subfield code="0">http://id.loc.gov/authorities/names/nr2006010016</marc:subfield>
      </marc:datafield>
      <marc:datafield tag="720" ind1=" " ind2=" ">
         <marc:subfield code="a">Ichikawa,
         Kon</marc:subfield>
         <marc:subfield code="e">Director</marc:subfield>
         <marc:subfield code="0">http://id.loc.gov/authorities/names/n84194016</marc:subfield>
      </marc:datafield>
      <marc:datafield tag="720" ind1=" " ind2=" ">
         <marc:subfield code="a">Slate, Lane</marc:subfield>
         <marc:subfield code="e">Executive Producer</marc:subfield>
         <marc:subfield code="0">http://id.loc.gov/authorities/names/no2009059780</marc:subfield>
      </marc:datafield>
      <marc:datafield tag="260" ind1=" " ind2=" ">
         <marc:subfield code="c">1967-10-15</marc:subfield>
      </marc:datafield>
      <marc:datafield tag="520" ind1=" " ind2=" ">
         <marc:subfield code="a">From NET microfiche: General Series Description: "The Tale of Genji," an
         eight-program series, follows the adventures of the charming and irresistible Prince
         Genji. The series is based on the novel "The Tale of Genji," long considered one of the
         greatest works of fiction In Japan, and widely known In the Western world through the
         translation by Arthur Waley (published by George Allen and Unwin). "The Tale of Genji" was
         written at the beginning of the eleventh century by the Japanese authoress Murasaki
         Shikibu. Her voluminous romantic novel has been compared to those by Proust and Virginia
         Woolf, and is said to have something in it of the Irony of Jane Austen. The novel covers
         three generations and has more than 500 characters, but the television version, originally
         produced as 26 half-hour episodes, while covering the whole story, focuses on its hero,
         Genji. Through backdrops in the tradition of the classic Japanese theater and carefully
         authenticated costumes, the television plays recreate the best known Incidents In his life.
         Synopsis: The highly complicated plot is as follows: The second son of the emperor - born
         to his mistress Kiritsubo- is given an Inferior title through the empress's machinations
         and receives the surname of "Minamoto" (Genji). But the prince is so intelligent that he is
         nicknamed "Hikari-No Kimi (The Prince of Brightness). At the age of twelve, Genji is
         married to Princess Aoi, his older cousin. He is not happy with this canny but motherly
         spouse. An attractive girl named Fujitsubo one day comes to the court to serve the emperor
         and Genji and she fall deeply in love. One reason he is attracted to her is that she
         resembles his dead mother. The emperor remains unaware that his concubine is having a
         clandestine relationship with Genji, and is able to die peaceably. His heir apparent,
         Genji's older half-brother, the son of the Empress Kokiden, is enthroned as the Emperor
         Sujaki. The number of romantic adventures a nobleman of the times had was not held against
         him so long as he conducted them with suitable refinement, and now Genji has relations
         with Utsusemi, the flirtatious wife of a provincial governor; Yugao, another roan's
         mistress; and Princess Suet jumu-Hana. But he remains depressed because none of them is as
         desirable as Fujitsubo, who has become a nun after the death of the father of the present
         emperor. He then falls for Fujitsubo niece, a young girl named Murasaki, while on a short
         visit to another town, and in order to keep her with him, he adopts her. When his wife Aoi
         dies after giving birth to a boy, Genji weds Murasaki. But he also has a relationship with
         Princess Oboro-zukiyo, the younger sister of the Empress Kokiden. Complications arise and,
         with remorse at parting from her, Genji is sent away to Suma. While in Suma, he is
         requested by the powerful clan of Akashi-Nyudo to care for Akashi-Nyudo's daughter,
         Princess Akashi, and she soon gives birth to a daughter. Sometime later Genji Is allowed to
         return to Kyoto. Fujitsubo's son becomes emperor and Genji becomes very powerful
         politically. Genji weds Onna Saimo-Mlya, the spoiled daughter of the Emperor Sujaku. His
         wife Murasaki then becomes ill and dies. However Onna Sanno-Miya has been having an affair
         with an aristocrat named Kashiwagi, and when she gives birth to a son soon after the
         wedding, Genji recoils as he recollects the similar incident in his own affair with
         Fujitsubo. Kashiwagi, however, is stricken with conscience, falls ill, and dies. Hearing
         that he is dead, Onna Sanno-Miya decides to become a nun. And Genji, too, decides to become
         a monk. The Authoress: Lady Murasaki was born in 978 A.D., daughter of Fujiwara-Tametoki,
         the governor of Echigo. From her childhood, she was in privileged circumstances as she had
         distinguished scholars and poets among her relatives. In 999, she married a relative,
         Fujiwara-Nobutaka, an officer in the Imperial Guard. She gave birth to two daughters and
         her husband died in 1001. During the ensuing five years she experienced hard times as she
         had " support her daughters while working on "The Tale of Genji" which she began to write
         after her husband's death. In 1004 her father was appointed Governor in Echizen, and to
         avoid having to take her away with him to the provinces, which would end all chances of a
         respectable second marriage, he arranged for Murasaki to enter the service of the Empress
         Akiko. She penned her experiences at court in the book "Murasaki Shikibu's Diary." It is
         supposed that the earlier "The Tale of Genji" was revised by various persons in later
         years, but it is certain she was the creator of this world-famous saga. The Director: Kon
         Ichikawa is world-famous for his documentary film "Tokyo Olympics," and many other films by
         this versatile director have been hailed by the critics and have received prizes at various
         international film festivals. The Players: Playing the title role is Ichizo Itami, known
         internationally through his roles in "55 Days at Peking" with Charlton Heston and "Lord
         Jim" with Peter O'Toole. First-ranking Japanese film actresses Akimo Koyama, Satomi Oka,
         Tamao Nakamura, Shiho Fujimura, and Junko Ikeuchi appear. Making a guest appearance is
         Kyoko Kishida, star of "The Woman in the Dunes", and "Kwaidan." Individual cast credits
         will be sent with each Program Information sheet. THE TALE OF GENJI is a National
         Educational Television presentation. A production of the Mainichi Broadcasting System.
         Executive Producer: Kazumi Takagi. Chief Director: Kon Ichiwaka. N.E.T. Producer: Lane
         Slate. Additional Program Information distributed August 3, 1967 "The Tale of Genji",
         written by Lady Murasaki Shikibu in 1008 AD, concerns a handsome Japanese prince who as
         later writers would have said had a definite Don Juan complex. In fact much of "The Tale of
         Genji" is about the Prince's amorous pursuits. Our 11th Century authoress explains
         (anticipating Freud by several hundreds of years) that Genji is prompted by his desire to
         replace his mother who died when he was young. The Prince is successful in his conquests
         almost without exception. We are sure you would want to be aware that the programs contain
         many episodes of this nature. The relationships between Genji and his ladies are frankly
         discussed in narration and dialogue. These facts have been set forth in the individual
         program descriptions, but you may also find it helpful to preview one or two samples.
         Additional Program Information distributed August 31, 1967 Please note that this series
         employs a new and unusual technique with a specially prepared English language sound track
         superimposed over the original Japanese track. Both tracks are audible with the English one
         dominating so that America viewers can follow the story and at the same time experience the
         unaltered performances of the Japanese actors. Program 7 NET First Showing: Week of October
         15, 1967 Running Time: 01:13:34 Rivalry continues for the hand of the beautiful Tamakazura
         who has meanwhile secured the highest position at court a lady can attain. Henji persists
         in pressing his unwanted attentions on her. At last, fearing that eventually she will be
         forced to submit to Genji, Tamakazura consents to be the second wife of the uncouth but
         powerful General Higekuro (Blackbeard). However, it is only after Blackbeard's first wife
         leaves him, taking their children with her, that Tamakazura agrees to join him as his
         formal wife. The new generation attains maturity. Genji's daughter, Akashi, has been
         introduced at court and at last, having overcome Chujo's opposition to marriage between
         their children Yugiri and Kari, Genji has also succeeded in ending their own old rivalry.
         Genji feels old age approaching and once more, as he has before in moments of despair, is
         tempted to retire and become a monk. As Lady Murasaki is trying to dissuade him, a message
         comes from the Emperor announcing that Genji is to be awarded the unprecedented honor of
         the title: Honorary Ex-Emperor. The cloud of his mother's commoner background is to be
         lifted. He shall no longer be considered a commoner, but a true son of his late father, the
         old Emperor. Now, yet another marriage is arranged for the aging Genji: This time with the
         spoiled, pampered Princess Sannomiya, favorite daughter of Genji's older brother, the
         ex-Emperor Sujaku. Genji is the only male of sufficient rank to become her husband, and
         this time, it is truly against Genji's wishes. The over-indulged, petulant young girl
         refuses to fit into his household and, indeed attracts the attention of Kashawagi, a
         married son of Chujo. When Genji takes the ailing Murasaki to the country to try to recover
         her health, Kashawagi takes advantage of his absence to visit the spoiled but still
         innocent Sannomiya. The Cast: Genji - Ichizo Itami Tamakazura - Chiyoko Honma Higekuro
         (Blackbeard) - Jiro Ishizaki Yugiri - Masakazu Tamura Kari - Yukimo Kokonoe Ex-Emperor
         Sujaku - Mashahiko Arima Princess Sannomiya - Mariko Kaga Murasaki - Manami Fuji Kashiwagi
         - Choichiro Kawarazaki The Tale of Genji is a National Educational Television presentation,
         a production of Mainichi Broadcasting Systems. Executive Producer for Mainichi: Kazumi
         Takagi. Writer: Sumi Tanaka. Executive Producer for NET: Lane Slate. Associate Producer for
         NET: Kay Chessid. THE TALE OF GENJI is a National Educational Television presentation, a
         production of Mainichi Broadcasting Systems. Executive Producer for Mainichi: Kazumi
         Takagi. Production Supervisor: Kenkichi Takagi. Writer: Sumie Tanaka. Executive Producer
         for NET: Lane Slate. Associate Producer for NET: Kay Chessid.</marc:subfield>
      </marc:datafield>
      <marc:datafield tag="337" ind1=" " ind2=" ">
         <marc:subfield code="a">Moving Image</marc:subfield>
         <marc:subfield code="2">MAVIS media type controlled vocabulary</marc:subfield>
      </marc:datafield>
      <marc:datafield tag="024" ind1="8" ind2=" ">
         <marc:subfield code="a">2432990</marc:subfield>
         <marc:subfield code="2">MAVIS Title Number</marc:subfield>
      </marc:datafield>
      <marc:datafield tag="024" ind1="8" ind2=" ">
         <marc:subfield code="a">NPTG</marc:subfield>
         <marc:subfield code="2">NET/PBS NOLA</marc:subfield>
      </marc:datafield>
      <marc:datafield tag="024" ind1="8" ind2=" ">
         <marc:subfield code="a">107</marc:subfield>
         <marc:subfield code="2">NET/PBS number</marc:subfield>
      </marc:datafield>
      <marc:datafield tag="024" ind1="8" ind2=" ">
         <marc:subfield code="a">55</marc:subfield>
         <marc:subfield code="2">Episode Number</marc:subfield>
      </marc:datafield>
      <marc:datafield tag="546" ind1=" " ind2=" ">
         <marc:subfield code="a">English</marc:subfield>
      </marc:datafield>
      <marc:datafield tag="653" ind1=" " ind2=" ">
         <marc:subfield code="a">Japan--Social life and
         customs</marc:subfield>
         <marc:subfield code="0">http://id.loc.gov/authorities/subjects/sh85069579</marc:subfield>
      </marc:datafield>
      <marc:datafield tag="653" ind1=" " ind2=" ">
         <marc:subfield code="a">Japan</marc:subfield>
         <marc:subfield code="0">http://id.loc.gov/authorities/names/n78089021</marc:subfield>
      </marc:datafield>
      <marc:datafield tag="245" ind1="0" ind2="0">
         <marc:subfield code="a">NET playhouse. The tale of Genji. [Part
         7].</marc:subfield>
         <marc:subfield code="b">Mainichi Broadcasting System ; director, Kon
         Ichikawa ; writer, Sumie Tanaka.</marc:subfield>
      </marc:datafield>
      <marc:datafield tag="246" ind1="3" ind2="3">
         <marc:subfield code="a">The tale of Genji. [Part
         7].</marc:subfield>
      </marc:datafield>
      <marc:datafield tag="246" ind1="3" ind2="3">
         <marc:subfield code="a">Tale of Genji VII.</marc:subfield>
      </marc:datafield>
      <marc:datafield tag="246" ind1="3" ind2="3">
         <marc:subfield code="a">NET playhouse. [No. 55], The tale of Genji. [Part
         7].</marc:subfield>
      </marc:datafield>
      <marc:datafield tag="655" ind1=" " ind2="0">
         <marc:subfield code="a">Television adaptations
         (lcgft)</marc:subfield>
         <marc:subfield code="0">http://id.loc.gov/authorities/genreForms/gf2011026653\n</marc:subfield>
      </marc:datafield>
      <marc:datafield tag="655" ind1=" " ind2="0">
         <marc:subfield code="a">Fiction television programs
         (lcgft)</marc:subfield>
         <marc:subfield code="0">http://id.loc.gov/authorities/genreForms/gf2011026252\n</marc:subfield>
      </marc:datafield>
      <marc:datafield tag="655" ind1=" " ind2="0">
         <marc:subfield code="a">Televised plays (lcgft)</marc:subfield>
         <marc:subfield code="0">http://id.loc.gov/authorities/genreForms/gf2011026647</marc:subfield>
      </marc:datafield>
   </marc:record>