
   <marc:record>
      <marc:leader>      am         3u     </marc:leader>
      <marc:datafield tag="042" ind1=" " ind2=" ">
         <marc:subfield code="a">dc</marc:subfield>
      </marc:datafield>
      <marc:datafield tag="720" ind1=" " ind2=" ">
         <marc:subfield code="a">National Educational Television and Radio Center</marc:subfield>
         <marc:subfield code="e">Broadcaster</marc:subfield>
         <marc:subfield code="0">http://id.loc.gov/authorities/names/n80050382</marc:subfield>
      </marc:datafield>
      <marc:datafield tag="720" ind1=" " ind2=" ">
         <marc:subfield code="a">Itami,
         Juzo</marc:subfield>
         <marc:subfield code="e">Cast/Actor</marc:subfield>
         <marc:subfield code="0">http://id.loc.gov/authorities/names/n84083848</marc:subfield>
      </marc:datafield>
      <marc:datafield tag="720" ind1=" " ind2=" ">
         <marc:subfield code="a">Chessid, Kay</marc:subfield>
         <marc:subfield code="e">Associate Producer</marc:subfield>
      </marc:datafield>
      <marc:datafield tag="720" ind1=" " ind2=" ">
         <marc:subfield code="a">Murasaki Shikibu</marc:subfield>
         <marc:subfield code="e">Author/Based on</marc:subfield>
         <marc:subfield code="0">http://id.loc.gov/authorities/names/n79100628</marc:subfield>
      </marc:datafield>
      <marc:datafield tag="720" ind1=" " ind2=" ">
         <marc:subfield code="a">Tanaka,
         Sumie</marc:subfield>
         <marc:subfield code="e">Writer</marc:subfield>
         <marc:subfield code="0">http://id.loc.gov/authorities/names/n81047178</marc:subfield>
      </marc:datafield>
      <marc:datafield tag="720" ind1=" " ind2=" ">
         <marc:subfield code="a">Mainichi Broadcasting System</marc:subfield>
         <marc:subfield code="e">Production Company</marc:subfield>
         <marc:subfield code="0">http://id.loc.gov/authorities/names/nr2006010016</marc:subfield>
      </marc:datafield>
      <marc:datafield tag="720" ind1=" " ind2=" ">
         <marc:subfield code="a">Ichikawa,
         Kon</marc:subfield>
         <marc:subfield code="e">Director</marc:subfield>
         <marc:subfield code="0">http://id.loc.gov/authorities/names/n84194016</marc:subfield>
      </marc:datafield>
      <marc:datafield tag="720" ind1=" " ind2=" ">
         <marc:subfield code="a">Slate, Lane</marc:subfield>
         <marc:subfield code="e">Executive Producer</marc:subfield>
         <marc:subfield code="0">http://id.loc.gov/authorities/names/no2009059780</marc:subfield>
      </marc:datafield>
      <marc:datafield tag="260" ind1=" " ind2=" ">
         <marc:subfield code="c">1967-10-22</marc:subfield>
      </marc:datafield>
      <marc:datafield tag="520" ind1=" " ind2=" ">
         <marc:subfield code="a">From NET microfiche: General Series Description: "The Tale of Genji," an
         eight-program series, follows the adventures of the charming and irresistible Prince
         Genji. The series is based on the novel "The Tale of Genji," long considered one of the
         greatest works of fiction In Japan, and widely known In the Western world through the
         translation by Arthur Waley (published by George Allen and Unwin). "The Tale of Genji" was
         written at the beginning of the eleventh century by the Japanese authoress Murasaki
         Shikibu. Her voluminous romantic novel has been compared to those by Proust and Virginia
         Woolf, and is said to have something in it of the Irony of Jane Austen. The novel covers
         three generations and has more than 500 characters, but the television version, originally
         produced as 26 half-hour episodes, while covering the whole story, focuses on its hero,
         Genji. Through backdrops in the tradition of the classic Japanese theater and carefully
         authenticated costumes, the television plays recreate the best known Incidents In his life.
         Synopsis: The highly complicated plot is as follows: The second son of the emperor - born
         to his mistress Kiritsubo- is given an Inferior title through the empress's machinations
         and receives the surname of "Minamoto" (Genji). But the prince is so intelligent that he is
         nicknamed "Hikari-No Kimi (The Prince of Brightness). At the age of twelve, Genji is
         married to Princess Aoi, his older cousin. He is not happy with this canny but motherly
         spouse. An attractive girl named Fujitsubo one day comes to the court to serve the emperor
         and Genji and she fall deeply in love. One reason he is attracted to her is that she
         resembles his dead mother. The emperor remains unaware that his concubine is having a
         clandestine relationship with Genji, and is able to die peaceably. His heir apparent,
         Genji's older half-brother, the son of the Empress Kokiden, is enthroned as the Emperor
         Sujaki. The number of romantic adventures a nobleman of the times had was not held against
         him so long as he conducted them with suitable refinement, and now Genji has relations
         with Utsusemi, the flirtatious wife of a provincial governor; Yugao, another roan's
         mistress; and Princess Suet jumu-Hana. But he remains depressed because none of them is as
         desirable as Fujitsubo, who has become a nun after the death of the father of the present
         emperor. He then falls for Fujitsubo niece, a young girl named Murasaki, while on a short
         visit to another town, and in order to keep her with him, he adopts her. When his wife Aoi
         dies after giving birth to a boy, Genji weds Murasaki. But he also has a relationship with
         Princess Oboro-zukiyo, the younger sister of the Empress Kokiden. Complications arise and,
         with remorse at parting from her, Genji is sent away to Suma. While in Suma, he is
         requested by the powerful clan of Akashi-Nyudo to care for Akashi-Nyudo's daughter,
         Princess Akashi, and she soon gives birth to a daughter. Sometime later Genji Is allowed to
         return to Kyoto. Fujitsubo's son becomes emperor and Genji becomes very powerful
         politically. Genji weds Onna Saimo-Mlya, the spoiled daughter of the Emperor Sujaku. His
         wife Murasaki then becomes ill and dies. However Onna Sanno-Miya has been having an affair
         with an aristocrat named Kashiwagi, and when she gives birth to a son soon after the
         wedding, Genji recoils as he recollects the similar incident in his own affair with
         Fujitsubo. Kashiwagi, however, is stricken with conscience, falls ill, and dies. Hearing
         that he is dead, Onna Sanno-Miya decides to become a nun. And Genji, too, decides to become
         a monk. The Authoress: Lady Murasaki was born in 978 A.D., daughter of Fujiwara-Tametoki,
         the governor of Echigo. From her childhood, she was in privileged circumstances as she had
         distinguished scholars and poets among her relatives. In 999, she married a relative,
         Fujiwara-Nobutaka, an officer in the Imperial Guard. She gave birth to two daughters and
         her husband died in 1001. During the ensuing five years she experienced hard times as she
         had " support her daughters while working on "The Tale of Genji" which she began to write
         after her husband's death. In 1004 her father was appointed Governor in Echizen, and to
         avoid having to take her away with him to the provinces, which would end all chances of a
         respectable second marriage, he arranged for Murasaki to enter the service of the Empress
         Akiko. She penned her experiences at court in the book "Murasaki Shikibu's Diary." It is
         supposed that the earlier "The Tale of Genji" was revised by various persons in later
         years, but it is certain she was the creator of this world-famous saga. The Director: Kon
         Ichikawa is world-famous for his documentary film "Tokyo Olympics," and many other films by
         this versatile director have been hailed by the critics and have received prizes at various
         international film festivals. The Players: Playing the title role is Ichizo Itami, known
         internationally through his roles in "55 Days at Peking" with Charlton Heston and "Lord
         Jim" with Peter O'Toole. First-ranking Japanese film actresses Akimo Koyama, Satomi Oka,
         Tamao Nakamura, Shiho Fujimura, and Junko Ikeuchi appear. Making a guest appearance is
         Kyoko Kishida, star of "The Woman in the Dunes", and "Kwaidan." Individual cast credits
         will be sent with each Program Information sheet. THE TALE OF GENJI is a National
         Educational Television presentation. A production of the Mainichi Broadcasting System.
         Executive Producer: Kazumi Takagi. Chief Director: Kon Ichiwaka. N.E.T. Producer: Lane
         Slate. Additional Program Information distributed August 3, 1967 "The Tale of Genji",
         written by Lady Murasaki Shikibu in 1008 AD, concerns a handsome Japanese prince who as
         later writers would have said had a definite Don Juan complex. In fact much of "The Tale of
         Genji" is about the Prince's amorous pursuits. Our 11th Century authoress explains
         (anticipating Freud by several hundreds of years) that Genji is prompted by his desire to
         replace his mother who died when he was young. The Prince is successful in his conquests
         almost without exception. We are sure you would want to be aware that the programs contain
         many episodes of this nature. The relationships between Genji and his ladies are frankly
         discussed in narration and dialogue. These facts have been set forth in the individual
         program descriptions, but you may also find it helpful to preview one or two samples.
         Additional Program Information distributed August 31, 1967 Please note that this series
         employs a new and unusual technique with a specially prepared English language sound track
         superimposed over the original Japanese track. Both tracks are audible with the English one
         dominating so that America viewers can follow the story and at the same time experience the
         unaltered performances of the Japanese actors. Program 8 NET First Showing: Week of October
         22, 1967 Running Time: 01:15:24 In the country, Genji's ailing wife, Lady Murasaki, who
         uncomplainingly has born all his adventures with other women, pleads with him to let her
         become a nun. Suddenly he is called back to the Palace by news that his new wife, the
         Princess Sannomiya, is ill, to find on his arrival that the pampered girl just wanted
         attention and wasn't sick at all. But then news comes that Murasaki has died in his
         absence. In grief, he rushes back to the country only to find her spirit battling for life.
         The evil spirit of his dead mistress Miyasundakozo had reached out from beyond her grave to
         wreak revenge on Genji's formal wife, but his prayers defeat the evil ghost of
         Miyasundakozo and restore Murasaki to life. Meanwhile, back at the Palace Princess
         Sannomiya finds she is going to have Kashawagi's child, a result of their illicit meeting
         while Genji was away with Murasaki. Genji is aware of the compromising situation and who is
         responsible for it. Although he feels that somehow this, again, is retribution for his
         forbidden affair with Fujitsubo, he cannot forgive Kashawagi. Unshriven, Kashawagi dies of
         remorse. When Sannomiya''s son is born, she is totally uninterested in him, and unprepared
         for life as she has been, she becomes a nun. Murasaki's health continues to fail and, in a
         last farewell scene, blind and dying, she says goodbye to her beloved Genji. At her death,
         Genji realizes at last that in all the women he has known throughout his life, he has been
         searching for a dream woman in the Image or his mother, the irresistible and beautiful
         mistress of the old Emperor, his father. He acknowledges the error of his life in a scene
         with the ghost of the dead Fujitsubo, his first love. Finally, recognizing that he is old
         and at the end of his life, Genji dismisses all his servants, and his old friend, Chuji,
         finds him alone burning all his old love letters. In the spring of his 41st year, Prince
         Genji disappeared. Some people say he went into seclusion at Sagano. Others say he went to
         the North. And still others say he became a monk in the remote regions. There are other
         rumors, too - one, in fact, that he became immortal. The Cast: Genji - Ichizo Itami
         Princess Sannomiya - Mariko Kaga Murasaki - Manami Fuji Kashiwagi - Choichiro Kawarazaki
         Fujitsubo - Akiko Kayama The Tale of Genji is a National Educational Television
         presentation, a production of Mainichi Broadcasting Systems. Executive Producer for
         Mainichi: Kazumi Takagi. Writer: Sumie Tanaka. Executive Producer for NET: Lane Slate.
         Associate Producer for NET: Kay Chessid.</marc:subfield>
      </marc:datafield>
      <marc:datafield tag="337" ind1=" " ind2=" ">
         <marc:subfield code="a">Moving Image</marc:subfield>
         <marc:subfield code="2">MAVIS media type controlled vocabulary</marc:subfield>
      </marc:datafield>
      <marc:datafield tag="024" ind1="8" ind2=" ">
         <marc:subfield code="a">2432994</marc:subfield>
         <marc:subfield code="2">MAVIS Title Number</marc:subfield>
      </marc:datafield>
      <marc:datafield tag="024" ind1="8" ind2=" ">
         <marc:subfield code="a">NPTG</marc:subfield>
         <marc:subfield code="2">NET/PBS NOLA</marc:subfield>
      </marc:datafield>
      <marc:datafield tag="024" ind1="8" ind2=" ">
         <marc:subfield code="a">108</marc:subfield>
         <marc:subfield code="2">NET/PBS number</marc:subfield>
      </marc:datafield>
      <marc:datafield tag="024" ind1="8" ind2=" ">
         <marc:subfield code="a">56</marc:subfield>
         <marc:subfield code="2">Episode Number</marc:subfield>
      </marc:datafield>
      <marc:datafield tag="546" ind1=" " ind2=" ">
         <marc:subfield code="a">English</marc:subfield>
      </marc:datafield>
      <marc:datafield tag="653" ind1=" " ind2=" ">
         <marc:subfield code="a">Japan--Social life and
         customs</marc:subfield>
         <marc:subfield code="0">http://id.loc.gov/authorities/subjects/sh85069579</marc:subfield>
      </marc:datafield>
      <marc:datafield tag="653" ind1=" " ind2=" ">
         <marc:subfield code="a">Japan</marc:subfield>
         <marc:subfield code="0">http://id.loc.gov/authorities/names/n78089021</marc:subfield>
      </marc:datafield>
      <marc:datafield tag="245" ind1="0" ind2="0">
         <marc:subfield code="a">NET playhouse. The tale of Genji. [Part
         8].</marc:subfield>
         <marc:subfield code="b">Mainichi Broadcasting System ; director, Kon
         Ichikawa ; writer, Sumie Tanaka.</marc:subfield>
      </marc:datafield>
      <marc:datafield tag="246" ind1="3" ind2="3">
         <marc:subfield code="a">The tale of Genji. [Part
         8].</marc:subfield>
      </marc:datafield>
      <marc:datafield tag="246" ind1="3" ind2="3">
         <marc:subfield code="a">Tale of Genji VIII.</marc:subfield>
      </marc:datafield>
      <marc:datafield tag="246" ind1="3" ind2="3">
         <marc:subfield code="a">NET playhouse. [No. 56], The tale of Genji. [Part
         8].</marc:subfield>
      </marc:datafield>
      <marc:datafield tag="655" ind1=" " ind2="0">
         <marc:subfield code="a">Television adaptations
         (lcgft)</marc:subfield>
         <marc:subfield code="0">http://id.loc.gov/authorities/genreForms/gf2011026653\n</marc:subfield>
      </marc:datafield>
      <marc:datafield tag="655" ind1=" " ind2="0">
         <marc:subfield code="a">Fiction television programs
         (lcgft)</marc:subfield>
         <marc:subfield code="0">http://id.loc.gov/authorities/genreForms/gf2011026252\n</marc:subfield>
      </marc:datafield>
      <marc:datafield tag="655" ind1=" " ind2="0">
         <marc:subfield code="a">Televised plays (lcgft)</marc:subfield>
         <marc:subfield code="0">http://id.loc.gov/authorities/genreForms/gf2011026647</marc:subfield>
      </marc:datafield>
   </marc:record>