
   <marc:record>
      <marc:leader>      am         3u     </marc:leader>
      <marc:datafield tag="042" ind1=" " ind2=" ">
         <marc:subfield code="a">dc</marc:subfield>
      </marc:datafield>
      <marc:datafield tag="720" ind1=" " ind2=" ">
         <marc:subfield code="a">National Educational Television and Radio Center</marc:subfield>
         <marc:subfield code="e">Broadcaster</marc:subfield>
         <marc:subfield code="0">http://id.loc.gov/authorities/names/n80050382</marc:subfield>
      </marc:datafield>
      <marc:datafield tag="720" ind1=" " ind2=" ">
         <marc:subfield code="a">Negri, Joe.</marc:subfield>
         <marc:subfield code="e">Music</marc:subfield>
      </marc:datafield>
      <marc:datafield tag="720" ind1=" " ind2=" ">
         <marc:subfield code="a">Pytka, Joe</marc:subfield>
         <marc:subfield code="e">Cinematographer/Director of Photography</marc:subfield>
         <marc:subfield code="0">http://id.loc.gov/authorities/names/no2003044949</marc:subfield>
      </marc:datafield>
      <marc:datafield tag="720" ind1=" " ind2=" ">
         <marc:subfield code="a">Tragard, John</marc:subfield>
         <marc:subfield code="e">Cast/Actor</marc:subfield>
      </marc:datafield>
      <marc:datafield tag="720" ind1=" " ind2=" ">
         <marc:subfield code="a">WQED</marc:subfield>
         <marc:subfield code="e">Production Company</marc:subfield>
         <marc:subfield code="0">http://id.loc.gov/authorities/names/n50036803</marc:subfield>
      </marc:datafield>
      <marc:datafield tag="720" ind1=" " ind2=" ">
         <marc:subfield code="a">Chessid, Kay</marc:subfield>
         <marc:subfield code="e">Producer</marc:subfield>
      </marc:datafield>
      <marc:datafield tag="720" ind1=" " ind2=" ">
         <marc:subfield code="a">Sternburg,
         Janet</marc:subfield>
         <marc:subfield code="e">Producer</marc:subfield>
         <marc:subfield code="0">http://id.loc.gov/authorities/names/n80038710</marc:subfield>
      </marc:datafield>
      <marc:datafield tag="720" ind1=" " ind2=" ">
         <marc:subfield code="a">Francisco,
         William</marc:subfield>
         <marc:subfield code="e">Producer</marc:subfield>
         <marc:subfield code="0">http://id.loc.gov/authorities/names/n2009002304</marc:subfield>
      </marc:datafield>
      <marc:datafield tag="720" ind1=" " ind2=" ">
         <marc:subfield code="a">Francisco,
         William</marc:subfield>
         <marc:subfield code="e">Director</marc:subfield>
         <marc:subfield code="0">http://id.loc.gov/authorities/names/n2009002304</marc:subfield>
      </marc:datafield>
      <marc:datafield tag="720" ind1=" " ind2=" ">
         <marc:subfield code="a">Burdick,
         Richard S.</marc:subfield>
         <marc:subfield code="e">Writer</marc:subfield>
         <marc:subfield code="0">http://id.loc.gov/authorities/names/n92107575</marc:subfield>
      </marc:datafield>
      <marc:datafield tag="260" ind1=" " ind2=" ">
         <marc:subfield code="c">1969-1-9</marc:subfield>
      </marc:datafield>
      <marc:datafield tag="260" ind1=" " ind2=" ">
         <marc:subfield code="c">1969-12-4</marc:subfield>
      </marc:datafield>
      <marc:datafield tag="520" ind1=" " ind2=" ">
         <marc:subfield code="a">From NET microfiche: Twelve-year-old Martin Palmer, the only child of a
         minister and his wife, has stumbled on an ancient book of witchcraft. The youth who is
         unusually bright seems to be courting the attention of his busy, preoccupied parents, as he
         turns to the realms of sorcery. But he is gradually consumed by fantasies of the power
         promised by the conjuring up of evil spells, and he sets out to put a curse on two of his
         teachers at school who have attempted to discipline him. A tin whistle becomes a symbol to
         him of his increasing evil powers. "The Tin Whistle" was written especially for television
         and was the third of six plays chosen for production by NET Pittsburgh affiliate WQED in
         the station's contest for new television scripts underwritten by the Aluminum Company of
         America. The part of young Martin is played by John Tragard, who also took the lead part in
         the second WQED-ALCOA play, "Ofoeti," which was broadcast by NET Playhouse several seasons
         ago. "The Tin Whistle" was directed by William Francisco who was responsible also for the
         direction of "Ofoeti." The Cast: Martin Palmer - John Tragard The Rev. Tom Palmer - Edd K.
         Gasper Harriet Palmer - Ann Gladmon George Putnam - Jerry Smith Lucy Conner - Donna Knauber
         Margaret Rice - Barbara Bosson Wilbur D. Carmichael - Vic Mangan Melvin Barkley - Will
         Disney Wilma Hennessey - Ann Muffly Producer and director: William Francisco Musical score:
         Joe Negri Cinematographer: Joseph Pytka Suggested Newspaper Listing: NET Playhouse - "The
         Tin Whistle" -- Richard S. Burdick's prize-winning play about an adolescent boy who uses
         ancient witchcraft to put a curse on two of his teachers at school. NET Playhouse - "The
         Tin Whistle" is a National Educational Television presentation. It was produced and
         directed by William Francisco for WQED, Pittsbsurgh. Producer for NET for January 9, 1969
         original broadcast: Kay Chessid. Producer for NET for December 4, 1969 rebroadcast: Janet
         Sternburg. Filler Information: 10 minute fill which will bring "The Tin Whistle" up to the
         announced program length. Eugene Atget (1856-1927): A short film showing a selection of the
         famous photographs by Atget, the French photographer who documented Paris during the
         turn-of-the-century and whose photographs of "La Belle Epoche" became famous only after his
         death in 1927. The soundtrack consists of music from the "Trois Gymnopedies" by Erik Satie,
         a contemporary and compatriot of Atget's.</marc:subfield>
      </marc:datafield>
      <marc:datafield tag="337" ind1=" " ind2=" ">
         <marc:subfield code="a">Moving Image</marc:subfield>
         <marc:subfield code="2">MAVIS media type controlled vocabulary</marc:subfield>
      </marc:datafield>
      <marc:datafield tag="024" ind1="8" ind2=" ">
         <marc:subfield code="a">2431946</marc:subfield>
         <marc:subfield code="2">MAVIS Title Number</marc:subfield>
      </marc:datafield>
      <marc:datafield tag="024" ind1="8" ind2=" ">
         <marc:subfield code="a">NPTI</marc:subfield>
         <marc:subfield code="2">NET/PBS NOLA</marc:subfield>
      </marc:datafield>
      <marc:datafield tag="024" ind1="8" ind2=" ">
         <marc:subfield code="a">0</marc:subfield>
         <marc:subfield code="2">NET/PBS number</marc:subfield>
      </marc:datafield>
      <marc:datafield tag="024" ind1="8" ind2=" ">
         <marc:subfield code="a">119</marc:subfield>
         <marc:subfield code="2">Episode Number</marc:subfield>
      </marc:datafield>
      <marc:datafield tag="024" ind1="8" ind2=" ">
         <marc:subfield code="a">166</marc:subfield>
         <marc:subfield code="2">Episode Number</marc:subfield>
      </marc:datafield>
      <marc:datafield tag="546" ind1=" " ind2=" ">
         <marc:subfield code="a">English</marc:subfield>
      </marc:datafield>
      <marc:datafield tag="653" ind1=" " ind2=" ">
         <marc:subfield code="a">Witchcraft</marc:subfield>
         <marc:subfield code="0">http://id.loc.gov/authorities/subjects/sh85147143</marc:subfield>
      </marc:datafield>
      <marc:datafield tag="245" ind1="0" ind2="0">
         <marc:subfield code="a">NET playhouse. The tin whistle.</marc:subfield>
         <marc:subfield code="b">WQED ; producer-director, William Francisco ;
         writer, Richard S. Burdick.</marc:subfield>
      </marc:datafield>
      <marc:datafield tag="246" ind1="3" ind2="3">
         <marc:subfield code="a">The tin whistle.</marc:subfield>
      </marc:datafield>
      <marc:datafield tag="246" ind1="3" ind2="3">
         <marc:subfield code="a">NET playhouse. [No. 166], The tin
         whistle.</marc:subfield>
      </marc:datafield>
      <marc:datafield tag="246" ind1="3" ind2="3">
         <marc:subfield code="a">Tin whistle, The.</marc:subfield>
      </marc:datafield>
      <marc:datafield tag="246" ind1="3" ind2="3">
         <marc:subfield code="a">NET playhouse. [No. 119], The tin whistle.</marc:subfield>
      </marc:datafield>
      <marc:datafield tag="655" ind1=" " ind2="0">
         <marc:subfield code="a">Fiction television programs
         (lcgft)</marc:subfield>
         <marc:subfield code="0">http://id.loc.gov/authorities/genreForms/gf2011026252\n</marc:subfield>
      </marc:datafield>
      <marc:datafield tag="655" ind1=" " ind2="0">
         <marc:subfield code="a">Televised plays (lcgft)</marc:subfield>
         <marc:subfield code="0">http://id.loc.gov/authorities/genreForms/gf2011026647</marc:subfield>
      </marc:datafield>
   </marc:record>