
   <marc:record>
      <marc:leader>      am         3u     </marc:leader>
      <marc:datafield tag="042" ind1=" " ind2=" ">
         <marc:subfield code="a">dc</marc:subfield>
      </marc:datafield>
      <marc:datafield tag="720" ind1=" " ind2=" ">
         <marc:subfield code="a">National Educational Television and Radio Center</marc:subfield>
         <marc:subfield code="e">Broadcaster</marc:subfield>
         <marc:subfield code="0">http://id.loc.gov/authorities/names/n80050382</marc:subfield>
      </marc:datafield>
      <marc:datafield tag="720" ind1=" " ind2=" ">
         <marc:subfield code="a">Forbes,
         Scott, 1920-1997</marc:subfield>
         <marc:subfield code="e">Cast/Actor</marc:subfield>
         <marc:subfield code="0">http://id.loc.gov/authorities/names/n86139870</marc:subfield>
      </marc:datafield>
      <marc:datafield tag="720" ind1=" " ind2=" ">
         <marc:subfield code="a">Gearon,
         Valerie</marc:subfield>
         <marc:subfield code="e">Cast/Actor</marc:subfield>
         <marc:subfield code="0">http://id.loc.gov/authorities/names/no2008038086</marc:subfield>
      </marc:datafield>
      <marc:datafield tag="720" ind1=" " ind2=" ">
         <marc:subfield code="a">Taylor, Marilyn</marc:subfield>
         <marc:subfield code="e">Designer</marc:subfield>
      </marc:datafield>
      <marc:datafield tag="720" ind1=" " ind2=" ">
         <marc:subfield code="a">British Broadcasting Corporation</marc:subfield>
         <marc:subfield code="e">Production Company</marc:subfield>
         <marc:subfield code="0">http://id.loc.gov/authorities/names/n79074359</marc:subfield>
      </marc:datafield>
      <marc:datafield tag="720" ind1=" " ind2=" ">
         <marc:subfield code="a">Messina,
         Cedric</marc:subfield>
         <marc:subfield code="e">Producer</marc:subfield>
         <marc:subfield code="0">http://id.loc.gov/authorities/names/no95028862</marc:subfield>
      </marc:datafield>
      <marc:datafield tag="720" ind1=" " ind2=" ">
         <marc:subfield code="a">Chessid, Kay</marc:subfield>
         <marc:subfield code="e">Producer</marc:subfield>
      </marc:datafield>
      <marc:datafield tag="720" ind1=" " ind2=" ">
         <marc:subfield code="a">Letton,
         Francis</marc:subfield>
         <marc:subfield code="e">Writer</marc:subfield>
         <marc:subfield code="0">http://id.loc.gov/authorities/names/nr2003022966</marc:subfield>
      </marc:datafield>
      <marc:datafield tag="720" ind1=" " ind2=" ">
         <marc:subfield code="a">Letton,
         Jennette Dowling</marc:subfield>
         <marc:subfield code="e">Writer</marc:subfield>
         <marc:subfield code="0">http://id.loc.gov/authorities/names/n50050366</marc:subfield>
      </marc:datafield>
      <marc:datafield tag="720" ind1=" " ind2=" ">
         <marc:subfield code="a">Jarrott,
         Charles</marc:subfield>
         <marc:subfield code="e">Director</marc:subfield>
         <marc:subfield code="0">http://id.loc.gov/authorities/names/no95004114</marc:subfield>
      </marc:datafield>
      <marc:datafield tag="260" ind1=" " ind2=" ">
         <marc:subfield code="c">1968-3-1</marc:subfield>
      </marc:datafield>
      <marc:datafield tag="260" ind1=" " ind2=" ">
         <marc:subfield code="c">1964-12-24</marc:subfield>
      </marc:datafield>
      <marc:datafield tag="520" ind1=" " ind2=" ">
         <marc:subfield code="a">From NET microfiche: Jennette Dowling and Francis Letton, two American
         writers, chose the momentous years in English history, 1547 to 1558, from the death of
         Henry VIII to the accession of his daughter, the young Elizabeth, for the setting of their
         play, "The Young Elizabeth." Power politics in the sixteenth century were such that
         loyalties changed at the drop of an axe, and the successful politician was the man who
         could keep his head while all about him were literally losing theirs. The events of the
         play focus on Elizabeth who is shown to be, even as a girl, imperious, high-spirited, and
         with a touch of ruthlessness that would see her through the dark days when she was shut
         away in the Tower of London. The uncertainty of the political situation on Henry VIII's
         death forces his widow, Catherine Parr, to move from court to take up residence in Chelsea.
         With her she takes her new husband, Thomas Seymour, brother of the Duke of Somerset, who
         becomes Protector of the Realm during the reign of his sickly nephew Edward VI. When
         Elizabeth joins them at Chelsea, her passionate nature leads her into an affair with Thomas
         which ends, after a vicious scandal, with Thomas' death on the Tower block. With the
         accession of her half-sister, "Bloody" Mary, Elizabeth again finds herself the center of
         intrigue as factions at court try, by open rebellion, to unseat the fanatical Queen who
         would marry a Spaniard (Phillip II) and burn her subjects as heretics. In spite of
         Elizabeth's own personal ambition, the glory of England remains uppermost in her mind, and
         it is her resolution and courage in the face of personal danger that equip her finally for
         her illustrious reign as Elizabeth I. The cast of British actors is headed by Valerie
         Gearon (as Elizabeth Tudor), Katharine Blake (as Mary Tudor), Gwen Cherrell (as Katherine
         Parr), Scott Forbes (as Thomas Seymour), and Cyril Luckham (as Bishop Gardiner). The Cast:
         Lord William Howard - Rolf Lefebvre Guard - Robert Croudace Page - Guy Ross Thomas Seymour
         - Scott Forbes Lord Robert Tyrwhitt - Hugh Paddick Katherine Parr - Gwen Cherrell Mary
         Tudor - Katharine Blake Bishop Gardiner - Cyril Luckham William Cecil - Douglas Milvain Amy
         - Patricia Samuels Katherine Ashley - Madeleine Christie Elizabeth Tudor - Valerie Gearon
         Robert Dudley - Michael Johnson Thomas Parry - Newton Blick Lady Tyrwhitt - Margaret Denyer
         Sir Thomas Wyatt - Victor Winding Sir Francis Verney - Michael Graham Sir Peter Carew -
         Michael Lynch Gaoler - Michael Allaby First gentlewoman - Vickie Climas Second gentlewoman
         - Ellen Sheean NET Playhouse - "The Young Elizabeth" is a National Educational Television
         presentation, produced by Cedric Messina for the British Broadcasting Corporation. It was
         directed by Charles Jarrott, designed by Marilyn Taylor. Costumes were created by Joyce
         Hammond. Producer for NET: Kay Chessid.</marc:subfield>
      </marc:datafield>
      <marc:datafield tag="337" ind1=" " ind2=" ">
         <marc:subfield code="a">Moving Image</marc:subfield>
         <marc:subfield code="2">MAVIS media type controlled vocabulary</marc:subfield>
      </marc:datafield>
      <marc:datafield tag="024" ind1="8" ind2=" ">
         <marc:subfield code="a">1712740</marc:subfield>
         <marc:subfield code="2">MAVIS Title Number</marc:subfield>
      </marc:datafield>
      <marc:datafield tag="024" ind1="8" ind2=" ">
         <marc:subfield code="a">NPYE</marc:subfield>
         <marc:subfield code="2">NET/PBS NOLA</marc:subfield>
      </marc:datafield>
      <marc:datafield tag="024" ind1="8" ind2=" ">
         <marc:subfield code="a">0</marc:subfield>
         <marc:subfield code="2">NET/PBS number</marc:subfield>
      </marc:datafield>
      <marc:datafield tag="024" ind1="8" ind2=" ">
         <marc:subfield code="a">74</marc:subfield>
         <marc:subfield code="2">Episode Number</marc:subfield>
      </marc:datafield>
      <marc:datafield tag="546" ind1=" " ind2=" ">
         <marc:subfield code="a">English</marc:subfield>
      </marc:datafield>
      <marc:datafield tag="653" ind1=" " ind2=" ">
         <marc:subfield code="a">Elizabeth I, Queen of England,
         1533-1603</marc:subfield>
         <marc:subfield code="0">http://id.loc.gov/authorities/names/n79081709</marc:subfield>
      </marc:datafield>
      <marc:datafield tag="245" ind1="0" ind2="0">
         <marc:subfield code="a">NET playhouse. The young Elizabeth.</marc:subfield>
         <marc:subfield code="b">BBC ; producer, Cedric Messina ; director,
         Charles Jarrott ; writers, Jennette Dowling and Francis Letton.</marc:subfield>
      </marc:datafield>
      <marc:datafield tag="246" ind1="3" ind2="3">
         <marc:subfield code="a">The young Elizabeth.</marc:subfield>
      </marc:datafield>
      <marc:datafield tag="246" ind1="3" ind2="3">
         <marc:subfield code="a">Young Elizabeth, The.</marc:subfield>
      </marc:datafield>
      <marc:datafield tag="246" ind1="3" ind2="3">
         <marc:subfield code="a">Thursday theatre. [1964-12-24], The young
         Elizabeth.</marc:subfield>
      </marc:datafield>
      <marc:datafield tag="246" ind1="3" ind2="3">
         <marc:subfield code="a">NET playhouse. [No. 74], The young
         Elizabeth.</marc:subfield>
      </marc:datafield>
      <marc:datafield tag="655" ind1=" " ind2="0">
         <marc:subfield code="a">Fiction television programs
         (lcgft)</marc:subfield>
         <marc:subfield code="0">http://id.loc.gov/authorities/genreForms/gf2011026252\n</marc:subfield>
      </marc:datafield>
      <marc:datafield tag="655" ind1=" " ind2="0">
         <marc:subfield code="a">Televised plays (lcgft)</marc:subfield>
         <marc:subfield code="0">http://id.loc.gov/authorities/genreForms/gf2011026647</marc:subfield>
      </marc:datafield>
   </marc:record>