
   <marc:record>
      <marc:leader>      am         3u     </marc:leader>
      <marc:datafield tag="042" ind1=" " ind2=" ">
         <marc:subfield code="a">dc</marc:subfield>
      </marc:datafield>
      <marc:datafield tag="720" ind1=" " ind2=" ">
         <marc:subfield code="a">National
         Educational Television and Radio Center</marc:subfield>
         <marc:subfield code="e">Presenter</marc:subfield>
         <marc:subfield code="0">http://id.loc.gov/authorities/names/n80050382</marc:subfield>
      </marc:datafield>
      <marc:datafield tag="720" ind1=" " ind2=" ">
         <marc:subfield code="a">Whiting, John, 1917-1963</marc:subfield>
         <marc:subfield code="e">Translator/Subtitler</marc:subfield>
         <marc:subfield code="0">http://id.loc.gov/authorities/names/n50019861</marc:subfield>
      </marc:datafield>
      <marc:datafield tag="720" ind1=" " ind2=" ">
         <marc:subfield code="a">Pinsent, Gordon</marc:subfield>
         <marc:subfield code="e">Cast/Actor</marc:subfield>
         <marc:subfield code="0">http://id.loc.gov/authorities/names/n88604262</marc:subfield>
      </marc:datafield>
      <marc:datafield tag="720" ind1=" " ind2=" ">
         <marc:subfield code="a">Webster, Hugh</marc:subfield>
         <marc:subfield code="e">Cast/Actor</marc:subfield>
         <marc:subfield code="0">http://id.loc.gov/authorities/names/no97070935</marc:subfield>
      </marc:datafield>
      <marc:datafield tag="720" ind1=" " ind2=" ">
         <marc:subfield code="a">Dight, Kenneth</marc:subfield>
         <marc:subfield code="e">Cast/Actor</marc:subfield>
      </marc:datafield>
      <marc:datafield tag="720" ind1=" " ind2=" ">
         <marc:subfield code="a">Vernon, Hilary</marc:subfield>
         <marc:subfield code="e">Cast/Actor</marc:subfield>
      </marc:datafield>
      <marc:datafield tag="720" ind1=" " ind2=" ">
         <marc:subfield code="a">Donat, Peter</marc:subfield>
         <marc:subfield code="e">Adapter/Dramatization</marc:subfield>
         <marc:subfield code="0">http://id.loc.gov/authorities/names/n84036309</marc:subfield>
      </marc:datafield>
      <marc:datafield tag="720" ind1=" " ind2=" ">
         <marc:subfield code="a">Anouilh, Jean</marc:subfield>
         <marc:subfield code="e">Author/Based on</marc:subfield>
         <marc:subfield code="0">http://id.loc.gov/authorities/names/n80069026</marc:subfield>
      </marc:datafield>
      <marc:datafield tag="720" ind1=" " ind2=" ">
         <marc:subfield code="a">Canadian Broadcasting Corporation</marc:subfield>
         <marc:subfield code="e">Production Company</marc:subfield>
         <marc:subfield code="0">http://id.loc.gov/authorities/names/n80085267</marc:subfield>
      </marc:datafield>
      <marc:datafield tag="720" ind1=" " ind2=" ">
         <marc:subfield code="a">Sternburg,
         Janet</marc:subfield>
         <marc:subfield code="e">Producer</marc:subfield>
         <marc:subfield code="0">http://id.loc.gov/authorities/names/n80038710</marc:subfield>
      </marc:datafield>
      <marc:datafield tag="260" ind1=" " ind2=" ">
         <marc:subfield code="c">1969-12-18</marc:subfield>
      </marc:datafield>
      <marc:datafield tag="260" ind1=" " ind2=" ">
         <marc:subfield code="c">1971-8-19</marc:subfield>
      </marc:datafield>
      <marc:datafield tag="520" ind1=" " ind2=" ">
         <marc:subfield code="a">From NET microfiche, file T: Jean Anouilh is one of France's most popular
         living playwrights, although few of his plays are known in the United States. "Antigone,"
         "Ring around the Moon," "The Rehearsal," and "Madmoiselle Colombe," were produced in New
         York City during the 50s, and "Thieves' Carnival" had a successful off-Broadway production
         in 1955. "Traveller without Luggage" enjoyed a brief run in New York City in 1964, with Ben
         Gazzara in the starring role of Gaston. Concealed beneath a witty, satiric, and facile
         style, all of Anouilh's large body of dramatic works gives expression to a recurrent theme
         - the purity and innocence of youth is fragile and unreal, actual human existence is ugly,
         corrupt, and sordid. Frequently disguised or pretended identity symbolizes this conflict
         between unreality and reality, between beauty and ugliness. "Traveller without Luggage,"
         was written in 1936 and first performed at the Theatre des Mathurins in Paris in February,
         1937. This TV version was translated from the French by the late British dramatist John
         Whiting ("The Devils") and adapted for television by the actor and writer, Peter Donat.
         Unlike the stage play, which is set entirely in the home of the wealthy Renaud family, the
         TV adaptation opens in the French asylum where a young man, suffering from amnesia, has
         been since he suffered a head wound in World War I. "Gaston," as he is called, leads an
         eventless existence in his prison-like surroundings, an existence interrupted only by the
         demands of the asylum staff and the unwelcome visits of people who claim he is their
         long-lost son or husband. He resists these pressures by withdrawing deep into himself,
         showing no desire to learn who he really is and thus be forced to return to life. But he is
         "rescued" by La Duchesse, the aristocratic lady, bountiful, who introduces him into the
         Renaud family. The Renauds believe him to be their son Jacques and they try every means
         they know to awaken his memories of the past. Gradually "Gaston" begins to realize that
         Jacques was something of a monster. Although he says he can remember nothing, he continues
         to explore Jacques' past with growing horror. Whether "Gaston" is in fact Jacques is never
         made clear, for in the end he accepts the identity of nephew to a young boy who was left a
         fortune providing he could find his long-lost, much older nephew. Gordon Pinsent, who stars
         as "Gaston," has appeared in a variety of dramatic roles for the Canadian Broadcasting
         Company and provided the commentary for many of their documentaries. He was the star of a
         long-run, successful dramatic series for the CBC. Mr. Pinseat played a feature role in the
         film "The Thomas Crown Affair" and will be seen in the soon-to-be-released movie "The
         Colossus." The Cast: "Gaston" - Gordon Pinsent Madame Renaud - Hilary Vernon Georges - Hugh
         Webster Valet - Kenneth Dight Suggested Newspaper Listing: NET Playhouse - "Traveller
         without Luggage" - Peter Donat's television adaptation of Jean Anouilh's drama about a man
         with no past and no identity. Gordon Pinsent stars as the amnesia victim, Gaston. NET
         Playhouse - "Traveller without Luggage" - is a National Educational Television
         presentation, produced and directed for the Canadian Broadcasting Company by Herbert
         Roland. It was translated by John Whiting and adapted for television by Peter Donat.
         Executive producer: Robert Allen. Producer for NET is Janet Sternburg.</marc:subfield>
      </marc:datafield>
      <marc:datafield tag="024" ind1="8" ind2=" ">
         <marc:subfield code="a">2473226</marc:subfield>
         <marc:subfield code="2">MAVIS Title Number</marc:subfield>
      </marc:datafield>
      <marc:datafield tag="024" ind1="8" ind2=" ">
         <marc:subfield code="a">NPWL</marc:subfield>
         <marc:subfield code="2">NET/PBS NOLA</marc:subfield>
      </marc:datafield>
      <marc:datafield tag="024" ind1="8" ind2=" ">
         <marc:subfield code="a">0 (PBS-1994.xls Excel spreadsheet)</marc:subfield>
         <marc:subfield code="2">NET/PBS number</marc:subfield>
      </marc:datafield>
      <marc:datafield tag="024" ind1="8" ind2=" ">
         <marc:subfield code="a">168 (NET microfiche)</marc:subfield>
         <marc:subfield code="2">NET/PBS number</marc:subfield>
      </marc:datafield>
      <marc:datafield tag="024" ind1="8" ind2=" ">
         <marc:subfield code="a">253 (NET microfiche)</marc:subfield>
         <marc:subfield code="2">NET/PBS number</marc:subfield>
      </marc:datafield>
      <marc:datafield tag="787" ind1="0" ind2=" ">
         <marc:subfield code="w">2473234</marc:subfield>
         <marc:subfield code="n">MAVIS id number</marc:subfield>
      </marc:datafield>
      <marc:datafield tag="653" ind1=" " ind2=" ">
         <marc:subfield code="a">Amnesia</marc:subfield>
         <marc:subfield code="0">http://id.loc.gov/authorities/subjects/sh85004557</marc:subfield>
      </marc:datafield>
      <marc:datafield tag="653" ind1=" " ind2=" ">
         <marc:subfield code="a">Amnesiacs</marc:subfield>
         <marc:subfield code="0">http://id.loc.gov/authorities/subjects/sh2005005502</marc:subfield>
      </marc:datafield>
      <marc:datafield tag="245" ind1="0" ind2="0">
         <marc:subfield code="a">NET Playhouse. Traveller without luggage.</marc:subfield>
         <marc:subfield code="b">National Educational Television presentation ;
         produced and directed for the Candian Broadcasting Company by Herbert Roland ; executive
         producer, Robert Allen ; translated by John Whiting and adapted for television by Peter
         Donat ; producer for NET, Janet Sternburg.</marc:subfield>
      </marc:datafield>
      <marc:datafield tag="246" ind1="3" ind2="3">
         <marc:subfield code="a">Traveller without luggage.</marc:subfield>
      </marc:datafield>
      <marc:datafield tag="246" ind1="3" ind2="3">
         <marc:subfield code="a">NET Playhouse. [No. 253], Traveller
         without luggage.</marc:subfield>
      </marc:datafield>
      <marc:datafield tag="246" ind1="3" ind2="3">
         <marc:subfield code="a">NET Playhouse. [No. 168], Traveller without
         luggage.</marc:subfield>
      </marc:datafield>
      <marc:datafield tag="655" ind1=" " ind2="0">
         <marc:subfield code="a">Television adaptations
         (lcgft)</marc:subfield>
         <marc:subfield code="0">http://id.loc.gov/authorities/genreForms/gf2011026653\n</marc:subfield>
      </marc:datafield>
      <marc:datafield tag="655" ind1=" " ind2="0">
         <marc:subfield code="a">Fiction television programs
         (lcgft)</marc:subfield>
         <marc:subfield code="0">http://id.loc.gov/authorities/genreForms/gf2011026252\n</marc:subfield>
      </marc:datafield>
   </marc:record>