
   <marc:record>
      <marc:leader>      am         3u     </marc:leader>
      <marc:datafield tag="042" ind1=" " ind2=" ">
         <marc:subfield code="a">dc</marc:subfield>
      </marc:datafield>
      <marc:datafield tag="720" ind1=" " ind2=" ">
         <marc:subfield code="a">Olivier, Laurence</marc:subfield>
         <marc:subfield code="e">Cast/Actor</marc:subfield>
         <marc:subfield code="0">http://id.loc.gov/authorities/names/n80009712</marc:subfield>
      </marc:datafield>
      <marc:datafield tag="720" ind1=" " ind2=" ">
         <marc:subfield code="a">Harris,
         Rosemary, 1930-</marc:subfield>
         <marc:subfield code="e">Cast/Actor</marc:subfield>
         <marc:subfield code="0">http://id.loc.gov/authorities/names/n85199191</marc:subfield>
      </marc:datafield>
      <marc:datafield tag="720" ind1=" " ind2=" ">
         <marc:subfield code="a">Plowright, Joan</marc:subfield>
         <marc:subfield code="e">Cast/Actor</marc:subfield>
         <marc:subfield code="0">http://id.loc.gov/authorities/names/n88241637</marc:subfield>
      </marc:datafield>
      <marc:datafield tag="720" ind1=" " ind2=" ">
         <marc:subfield code="a">National
         Educational Television and Radio Center</marc:subfield>
         <marc:subfield code="e">Presenter</marc:subfield>
         <marc:subfield code="0">http://id.loc.gov/authorities/names/n80050382</marc:subfield>
      </marc:datafield>
      <marc:datafield tag="720" ind1=" " ind2=" ">
         <marc:subfield code="a">Thorndike, Sybil</marc:subfield>
         <marc:subfield code="e">Cast/Actor</marc:subfield>
         <marc:subfield code="0">http://id.loc.gov/authorities/names/n85025639</marc:subfield>
      </marc:datafield>
      <marc:datafield tag="720" ind1=" " ind2=" ">
         <marc:subfield code="a">Compton, Fay</marc:subfield>
         <marc:subfield code="e">Cast/Actor</marc:subfield>
         <marc:subfield code="0">http://id.loc.gov/authorities/names/no94044021</marc:subfield>
      </marc:datafield>
      <marc:datafield tag="720" ind1=" " ind2=" ">
         <marc:subfield code="a">Redgrave, Michael</marc:subfield>
         <marc:subfield code="e">Cast/Actor</marc:subfield>
         <marc:subfield code="0">http://id.loc.gov/authorities/names/n82220456</marc:subfield>
      </marc:datafield>
      <marc:datafield tag="720" ind1=" " ind2=" ">
         <marc:subfield code="a">Adrian,
         Max</marc:subfield>
         <marc:subfield code="e">Cast/Actor</marc:subfield>
         <marc:subfield code="0">http://id.loc.gov/authorities/names/n85199193</marc:subfield>
      </marc:datafield>
      <marc:datafield tag="720" ind1=" " ind2=" ">
         <marc:subfield code="a">Chichester Festival Theatre</marc:subfield>
         <marc:subfield code="e">Cooperation/Association</marc:subfield>
         <marc:subfield code="0">http://id.loc.gov/authorities/names/nb2005002661</marc:subfield>
      </marc:datafield>
      <marc:datafield tag="720" ind1=" " ind2=" ">
         <marc:subfield code="a">Casson,
         Lewis</marc:subfield>
         <marc:subfield code="e">Cast/Actor</marc:subfield>
         <marc:subfield code="0">http://id.loc.gov/authorities/names/n83019998</marc:subfield>
      </marc:datafield>
      <marc:datafield tag="720" ind1=" " ind2=" ">
         <marc:subfield code="a">Olivier,
         Laurence</marc:subfield>
         <marc:subfield code="e">Producer</marc:subfield>
         <marc:subfield code="0">http://id.loc.gov/authorities/names/n80009712</marc:subfield>
      </marc:datafield>
      <marc:datafield tag="720" ind1=" " ind2=" ">
         <marc:subfield code="a">Burge,
         Stuart</marc:subfield>
         <marc:subfield code="e">Director</marc:subfield>
         <marc:subfield code="0">http://id.loc.gov/authorities/names/no99049649</marc:subfield>
      </marc:datafield>
      <marc:datafield tag="720" ind1=" " ind2=" ">
         <marc:subfield code="a">British Home Entertainment</marc:subfield>
         <marc:subfield code="e">Production Company</marc:subfield>
         <marc:subfield code="0">http://id.loc.gov/authorities/names/no2002085883</marc:subfield>
      </marc:datafield>
      <marc:datafield tag="260" ind1=" " ind2=" ">
         <marc:subfield code="c">1967-2-10</marc:subfield>
      </marc:datafield>
      <marc:datafield tag="520" ind1=" " ind2=" ">
         <marc:subfield code="a">From NET microfiche: Laurence Olivier's production of Anton Chekhov's "Uncle
         Vanya" was originally performed at the Chichester Festival Theatre, Sussex, England.
         Considered one of the finest drama productions of the 20th century, it has been recorded
         for television in its entirety with the original stage cast. "Uncle Vanya" is the tragic
         story of people thwarted and broken by their sensitivity and the perception of their own
         unrealized potentialities. A play in four acts set on the estate of a retired professor,
         "Uncle Vanya" concerns: " The professor himself, Alexander Serebryakov, a selfish,
         demanding man who has returned to the estate to write his masterpiece. " His beautiful
         young second wife, Ilyena, who "married him for love. I was attracted by him as a learned,
         celebrated man. It was not real love, it was all made up, but I fancied at the time it was
         real " " His first wife's mother, Marya Voynitsky. " His first wife's brother, Uncle
         Vanya, who for 25 years has selflessly administered the estate, made is solvent, and sent
         money to the professor in return for a "beggarly wage." " The doctor, a regular visitor to
         the estate. " And Sonya, the professor's plain daughter by his first wife, who has assisted
         her Uncle Vanya on the estate, and who is in love with the doctor, though he does not
         return her feelings. The return of the professor and his young wife disrupts the quiet
         routine of the household and the feelings of the characters. Uncle Vanya, and the doctor to
         a lesser extent, fall in love with Ilyena. The professor's overbearing inconsiderate ways
         become increasingly difficult to bear by all. Uncle Vanya in particular realizes that he
         has held illusions about the professor that "he is utterly unknown, he is nothing - a soap
         bubble. And I have been cheated ." Matters are brought to ahead when the professor
         announces he intends to sell the estate, without considering the feelings of, or the future
         of, those who have given their lives to it. Uncle Vanya takes two shots at the professor,
         but misses. This action causes the professor and Ilyena to leave. The doctor, in order to
         spare Sonya's feelings, professor and Ilyena to leave. The doctor, in order to spare
         Sonya's feelings will no longer come to call, and the lives of those remaining go on
         without change, with the characters looking forward to a time when, at last, they may rest.
         The Cast: Marina (the nurse) - Sybil Thorndike Astrov (the doctor) -Laurence Olivier
         Voynitsky (Uncle Vanya) - Michael Redgrave Serebyakov (Professor) - Max Adrian Telyegin (a
         landowner reduced to poverty) - Lewis Casson Sonya (Professor's daughter) - Joan Plowright
         Ilyena (Professor's second wife) - Rosemary Harris Marya Voynitsky (Maman) - Fay Compton
         UNCLE VANYA is a National Educational Television presentation, produced by British Home
         Entertainment, Ltd., in association with the Chichester Festival Theatre. Directed for
         television by Stuart Burge. Suggested Newspaper Listing: NET PLAYHOUSE - UNCLE VANYA:
         Laurence Olivier's production of this Chekhov classic, as performed at the Chichester
         Festival Theatre, England. Considered one of the finest drama productions of the 20th
         century, it stars Olivier himself, Sybil Thorndike, Michael Redgrave, Joan Plowright, and
         other well-known actors.</marc:subfield>
      </marc:datafield>
      <marc:datafield tag="337" ind1=" " ind2=" ">
         <marc:subfield code="a">Moving Image</marc:subfield>
         <marc:subfield code="2">MAVIS media type controlled vocabulary</marc:subfield>
      </marc:datafield>
      <marc:datafield tag="024" ind1="8" ind2=" ">
         <marc:subfield code="a">2311565</marc:subfield>
         <marc:subfield code="2">MAVIS Title Number</marc:subfield>
      </marc:datafield>
      <marc:datafield tag="024" ind1="8" ind2=" ">
         <marc:subfield code="a">NPUV</marc:subfield>
         <marc:subfield code="2">NET/PBS NOLA</marc:subfield>
      </marc:datafield>
      <marc:datafield tag="024" ind1="8" ind2=" ">
         <marc:subfield code="a">0 (PBS-1994.xls Excel spreadsheet)</marc:subfield>
         <marc:subfield code="2">NET/PBS number</marc:subfield>
      </marc:datafield>
      <marc:datafield tag="024" ind1="8" ind2=" ">
         <marc:subfield code="a">19 (NET microfiche, file F)</marc:subfield>
         <marc:subfield code="2">NET/PBS number</marc:subfield>
      </marc:datafield>
      <marc:datafield tag="546" ind1=" " ind2=" ">
         <marc:subfield code="a">English</marc:subfield>
      </marc:datafield>
      <marc:datafield tag="245" ind1="0" ind2="0">
         <marc:subfield code="a">NET playhouse. Uncle Vanya.</marc:subfield>
         <marc:subfield code="b">British Home Entertainment, Ltd.; in
         association with the Chichester Television Theatre ; National Educational Television
         presentation ; directed for television by Stuart Burge.</marc:subfield>
      </marc:datafield>
      <marc:datafield tag="246" ind1="3" ind2="3">
         <marc:subfield code="a">Uncle Vanya.</marc:subfield>
      </marc:datafield>
      <marc:datafield tag="246" ind1="3" ind2="3">
         <marc:subfield code="a">NET playhouse. [No. 19], Uncle Vanya.</marc:subfield>
      </marc:datafield>
      <marc:datafield tag="655" ind1=" " ind2="0">
         <marc:subfield code="a">Fiction television programs
         (lcgft)</marc:subfield>
         <marc:subfield code="0">http://id.loc.gov/authorities/genreForms/gf2011026252\n</marc:subfield>
      </marc:datafield>
      <marc:datafield tag="655" ind1=" " ind2="0">
         <marc:subfield code="a">Televised plays (lcgft)</marc:subfield>
         <marc:subfield code="0">http://id.loc.gov/authorities/genreForms/gf2011026647</marc:subfield>
      </marc:datafield>
   </marc:record>