
   <marc:record>
      <marc:leader>      am         3u     </marc:leader>
      <marc:datafield tag="042" ind1=" " ind2=" ">
         <marc:subfield code="a">dc</marc:subfield>
      </marc:datafield>
      <marc:datafield tag="720" ind1=" " ind2=" ">
         <marc:subfield code="a">National Educational Television and Radio Center</marc:subfield>
         <marc:subfield code="e">Broadcaster</marc:subfield>
         <marc:subfield code="0">http://id.loc.gov/authorities/names/n80050382</marc:subfield>
      </marc:datafield>
      <marc:datafield tag="720" ind1=" " ind2=" ">
         <marc:subfield code="a">Sharpe,
         John, 1920-1992</marc:subfield>
         <marc:subfield code="e">Cast/Actor</marc:subfield>
         <marc:subfield code="0">http://id.loc.gov/authorities/names/no2008027389</marc:subfield>
      </marc:datafield>
      <marc:datafield tag="720" ind1=" " ind2=" ">
         <marc:subfield code="a">British Broadcasting Corporation</marc:subfield>
         <marc:subfield code="e">Production Company</marc:subfield>
         <marc:subfield code="0">http://id.loc.gov/authorities/names/n79074359</marc:subfield>
      </marc:datafield>
      <marc:datafield tag="720" ind1=" " ind2=" ">
         <marc:subfield code="a"/>
         <marc:subfield code="e">Author/Based on</marc:subfield>
      </marc:datafield>
      <marc:datafield tag="720" ind1=" " ind2=" ">
         <marc:subfield code="a">Messina,
         Cedric</marc:subfield>
         <marc:subfield code="e">Producer</marc:subfield>
         <marc:subfield code="0">http://id.loc.gov/authorities/names/no95028862</marc:subfield>
      </marc:datafield>
      <marc:datafield tag="720" ind1=" " ind2=" ">
         <marc:subfield code="a">McWhinnie,
         Donald</marc:subfield>
         <marc:subfield code="e">Director</marc:subfield>
         <marc:subfield code="0">http://id.loc.gov/authorities/names/n91067178</marc:subfield>
      </marc:datafield>
      <marc:datafield tag="260" ind1=" " ind2=" ">
         <marc:subfield code="c">1970-8-13</marc:subfield>
      </marc:datafield>
      <marc:datafield tag="260" ind1=" " ind2=" ">
         <marc:subfield code="c">1968-2-9</marc:subfield>
      </marc:datafield>
      <marc:datafield tag="520" ind1=" " ind2=" ">
         <marc:subfield code="a">"Unman, Wittering &amp; Zigo," a sinister comedy by the late British
         playwright, Giles Cooper, will be given its American television premiere on NET Playhouse
         ____ at ____ on Channel ____. At his untimely and accidental death last year, Cooper was
         one of England's most prolific writers and was widely known in the worlds of radio,
         television, and the stage as a master craftsman and a dramatist much concerned with
         contemporary problems. His play "Everything in the Garden" has been adapted for Broadway by
         Edward Albee and is currently running in New York. When "Unman, Wittering &amp; Zigo" first
         appeared before television audiences in England, the London Times described it as
         "hilariously sinister crisply lucid literate writing." The Daily Mirror wrote: "For
         tension, writing, acting and direction, I give this play ten out of ten," and the Daily
         Mail called Giles Cooper "a master of creating tension and menace below dialogue brimming
         over with high spirits." The title of the play is taken from the last three names on the
         roll of a class of English schoolboys, whose school master has just died in a mysterious
         accident. When young and idealistic John Ebony arrives as the replacement teacher and tries
         to discipline the strangely unruly lot, he quickly learns who is real master of the class.
         They tell him that when his predecessor also tried to punish them, he was pushed off of a
         cliff. Although the cast of "Unman, Wittering &amp; Zigo" is headed by professional British
         actors Peter Blythe (John Ebony), John Sharp (Cary Farthingale), Peter Howell (Headmaster)
         and Tamara Hinchco (Nadia), the real "stars" of the play are the 17 school boys themselves.
         These naturally inexperienced young actors were handpicked by director Donald McWhinnie
         (who staged both the London and New York productions of Pinter's "The Caretaker"), and
         welded into such a dramatically effective unit that, despite complications of so many
         over-lapping lines and so many diverse scenes, the entire play was recorded without a
         single break and with no re-takes. NET Playhouse - "Unman, Wittering &amp; Zigo," a
         National Educational Television presentation, was produced for the British Broadcasting
         Corporation by Cedric Messina. Suggested Newspaper Listing: NET Playhouse - "Unman,
         Wittering and Zigo" - a sinister comedy by the late British playwright Giles Cooper, about
         a young teacher who arrives to take over the class of schoolboys whose former schoolmaster
         has just recently died in a mysterious fall over a cliff.</marc:subfield>
      </marc:datafield>
      <marc:datafield tag="337" ind1=" " ind2=" ">
         <marc:subfield code="a">Moving Image</marc:subfield>
         <marc:subfield code="2">MAVIS media type controlled vocabulary</marc:subfield>
      </marc:datafield>
      <marc:datafield tag="024" ind1="8" ind2=" ">
         <marc:subfield code="a">2475137</marc:subfield>
         <marc:subfield code="2">MAVIS Title Number</marc:subfield>
      </marc:datafield>
      <marc:datafield tag="024" ind1="8" ind2=" ">
         <marc:subfield code="a">NPUW</marc:subfield>
         <marc:subfield code="2">NET/PBS NOLA</marc:subfield>
      </marc:datafield>
      <marc:datafield tag="024" ind1="8" ind2=" ">
         <marc:subfield code="a">0</marc:subfield>
         <marc:subfield code="2">NET/PBS number</marc:subfield>
      </marc:datafield>
      <marc:datafield tag="024" ind1="8" ind2=" ">
         <marc:subfield code="a">200</marc:subfield>
         <marc:subfield code="2">Episode Number</marc:subfield>
      </marc:datafield>
      <marc:datafield tag="546" ind1=" " ind2=" ">
         <marc:subfield code="a">English</marc:subfield>
      </marc:datafield>
      <marc:datafield tag="653" ind1=" " ind2=" ">
         <marc:subfield code="a">Murder</marc:subfield>
         <marc:subfield code="0">http://id.loc.gov/authorities/subjects/sh85088613</marc:subfield>
      </marc:datafield>
      <marc:datafield tag="653" ind1=" " ind2=" ">
         <marc:subfield code="a">Teachers</marc:subfield>
         <marc:subfield code="0">http://id.loc.gov/authorities/subjects/sh85132964</marc:subfield>
      </marc:datafield>
      <marc:datafield tag="653" ind1=" " ind2=" ">
         <marc:subfield code="a">Students</marc:subfield>
         <marc:subfield code="0">http://id.loc.gov/authorities/subjects/sh85129296</marc:subfield>
      </marc:datafield>
      <marc:datafield tag="653" ind1=" " ind2=" ">
         <marc:subfield code="a">Teacher-student relationships</marc:subfield>
         <marc:subfield code="0">http://id.loc.gov/authorities/subjects/sh85132960</marc:subfield>
      </marc:datafield>
      <marc:datafield tag="245" ind1="0" ind2="0">
         <marc:subfield code="a">NET playhouse. Unman, Wittering and
         Zigo.</marc:subfield>
         <marc:subfield code="b">BBC ; producer, Cedric Messina ; director,
         Donald McWhinnie.</marc:subfield>
      </marc:datafield>
      <marc:datafield tag="246" ind1="3" ind2="3">
         <marc:subfield code="a">Unman, Wittering and Zigo.</marc:subfield>
      </marc:datafield>
      <marc:datafield tag="246" ind1="3" ind2="3">
         <marc:subfield code="a">NET playhouse. [No. 200], Unman,
         Wittering and Zigo.</marc:subfield>
      </marc:datafield>
      <marc:datafield tag="246" ind1="3" ind2="3">
         <marc:subfield code="a">NET playhouse.
         Unman, Wittering &amp; Zigo.</marc:subfield>
      </marc:datafield>
      <marc:datafield tag="246" ind1="3" ind2="3">
         <marc:subfield code="a">NET playhouse.
         [No. 200], Unman, Wittering &amp; Zigo.</marc:subfield>
      </marc:datafield>
      <marc:datafield tag="246" ind1="3" ind2="3">
         <marc:subfield code="a">Unman, Wittering
         &amp; Zigo.</marc:subfield>
      </marc:datafield>
      <marc:datafield tag="655" ind1=" " ind2="0">
         <marc:subfield code="a">Television adaptations
         (lcgft)</marc:subfield>
         <marc:subfield code="0">http://id.loc.gov/authorities/genreForms/gf2011026653\n</marc:subfield>
      </marc:datafield>
      <marc:datafield tag="655" ind1=" " ind2="0">
         <marc:subfield code="a">Fiction television programs
         (lcgft)</marc:subfield>
         <marc:subfield code="0">http://id.loc.gov/authorities/genreForms/gf2011026252\n</marc:subfield>
      </marc:datafield>
      <marc:datafield tag="655" ind1=" " ind2="0">
         <marc:subfield code="a">Televised plays (lcgft)</marc:subfield>
         <marc:subfield code="0">http://id.loc.gov/authorities/genreForms/gf2011026647</marc:subfield>
      </marc:datafield>
   </marc:record>