
   <marc:record>
      <marc:leader>      am         3u     </marc:leader>
      <marc:datafield tag="042" ind1=" " ind2=" ">
         <marc:subfield code="a">dc</marc:subfield>
      </marc:datafield>
      <marc:datafield tag="720" ind1=" " ind2=" ">
         <marc:subfield code="a">National Educational Television and Radio Center</marc:subfield>
         <marc:subfield code="e">Broadcaster</marc:subfield>
         <marc:subfield code="0">http://id.loc.gov/authorities/names/n80050382</marc:subfield>
      </marc:datafield>
      <marc:datafield tag="720" ind1=" " ind2=" ">
         <marc:subfield code="a">Jacques Loussier Trio.</marc:subfield>
         <marc:subfield code="e">Musical Group/Vocal Group</marc:subfield>
      </marc:datafield>
      <marc:datafield tag="720" ind1=" " ind2=" ">
         <marc:subfield code="a">Bach,
         Johann Sebastian</marc:subfield>
         <marc:subfield code="e">Music Composer</marc:subfield>
         <marc:subfield code="0">http://id.loc.gov/authorities/names/n79021425</marc:subfield>
      </marc:datafield>
      <marc:datafield tag="260" ind1=" " ind2=" ">
         <marc:subfield code="c">1968-8-4</marc:subfield>
      </marc:datafield>
      <marc:datafield tag="260" ind1=" " ind2=" ">
         <marc:subfield code="c">1967-3-17</marc:subfield>
      </marc:datafield>
      <marc:datafield tag="520" ind1=" " ind2=" ">
         <marc:subfield code="a">Jacques Loussier's "Play Bach" Trio in a jazz version of Johann Sebastian
         Bach's chorale "Sleepers wake." (7 minutes, 25 seconds) The Jacques Loussier Trio consists
         of: Jacques Loussier - piano and organ Pierre Michelot - bass Christian Garros - drums
         (NOTE: This program was aired as filler, following NET playhouse. Ustinov ad lib, broadcast
         on March 17, 1967.) (NOTE: This program was aired as filler, following NET playhouse. The
         rise and fall of Mozart, broadcast on August 4, 1968.)</marc:subfield>
      </marc:datafield>
      <marc:datafield tag="024" ind1="8" ind2=" ">
         <marc:subfield code="a">2429351</marc:subfield>
         <marc:subfield code="2">MAVIS Title Number</marc:subfield>
      </marc:datafield>
      <marc:datafield tag="245" ind1="0" ind2="0">
         <marc:subfield code="a">Play Bach. [Chorale--Sleepers wake].</marc:subfield>
         <marc:subfield code="b">produced by Granada TV, England ; a National
         Educational Television presentation.</marc:subfield>
      </marc:datafield>
      <marc:datafield tag="246" ind1="3" ind2="3">
         <marc:subfield code="a">Play Bach--Jacques Loussier
         Trio.</marc:subfield>
      </marc:datafield>
      <marc:datafield tag="246" ind1="3" ind2="3">
         <marc:subfield code="a">Jacques Loussier Trio.</marc:subfield>
      </marc:datafield>
      <marc:datafield tag="246" ind1="3" ind2="3">
         <marc:subfield code="a">[Chorale--Sleepers awake].</marc:subfield>
      </marc:datafield>
      <marc:datafield tag="246" ind1="3" ind2="3">
         <marc:subfield code="a">[Chorale--Sleepers wake].</marc:subfield>
      </marc:datafield>
      <marc:datafield tag="246" ind1="3" ind2="3">
         <marc:subfield code="a">Play Bach. [Chorale--Sleepers awake].</marc:subfield>
      </marc:datafield>
      <marc:datafield tag="655" ind1=" " ind2="0">
         <marc:subfield code="a">Nonfiction television programs
         (lcgft)</marc:subfield>
         <marc:subfield code="0">http://id.loc.gov/authorities/genreForms/gf2011026425</marc:subfield>
      </marc:datafield>
      <marc:datafield tag="655" ind1=" " ind2="0">
         <marc:subfield code="a">Televised performances
         (lcgft)</marc:subfield>
         <marc:subfield code="0">http://id.loc.gov/authorities/genreForms/gf2011026646</marc:subfield>
      </marc:datafield>
   </marc:record>