
   <marc:record>
      <marc:leader>      am         3u     </marc:leader>
      <marc:datafield tag="042" ind1=" " ind2=" ">
         <marc:subfield code="a">dc</marc:subfield>
      </marc:datafield>
      <marc:datafield tag="720" ind1=" " ind2=" ">
         <marc:subfield code="a">National Educational Television and Radio Center</marc:subfield>
         <marc:subfield code="e">Broadcaster</marc:subfield>
         <marc:subfield code="0">http://id.loc.gov/authorities/names/n80050382</marc:subfield>
      </marc:datafield>
      <marc:datafield tag="720" ind1=" " ind2=" ">
         <marc:subfield code="a">Jacques Loussier Trio.</marc:subfield>
         <marc:subfield code="e">Musical Group/Vocal Group</marc:subfield>
      </marc:datafield>
      <marc:datafield tag="720" ind1=" " ind2=" ">
         <marc:subfield code="a">Bach,
         Johann Sebastian</marc:subfield>
         <marc:subfield code="e">Music Composer</marc:subfield>
         <marc:subfield code="0">http://id.loc.gov/authorities/names/n79021425</marc:subfield>
      </marc:datafield>
      <marc:datafield tag="720" ind1=" " ind2=" ">
         <marc:subfield code="a">Granada Television</marc:subfield>
         <marc:subfield code="e">Production Company</marc:subfield>
         <marc:subfield code="0">http://id.loc.gov/authorities/names/n50057708</marc:subfield>
      </marc:datafield>
      <marc:datafield tag="260" ind1=" " ind2=" ">
         <marc:subfield code="c">1966-11-4</marc:subfield>
      </marc:datafield>
      <marc:datafield tag="520" ind1=" " ind2=" ">
         <marc:subfield code="a">From NET microfiche: Partita no. 1 in B flat (Sarabande, minutes I and II,
         finale). The Jacques Loussier "Play Bach" Trio, internationally famous for their
         provocative jazz renderings of Bach, consist of: Jacques Loussier - piano and organ Pierre
         Michelot - bass Christian Garros - drums. (NOTE: This program was aired as filler,
         following NET playhouse. Victoria Regina--Spring, broadcast on Nov. 4,
         1966.)</marc:subfield>
      </marc:datafield>
      <marc:datafield tag="024" ind1="8" ind2=" ">
         <marc:subfield code="a">2327392</marc:subfield>
         <marc:subfield code="2">MAVIS Title Number</marc:subfield>
      </marc:datafield>
      <marc:datafield tag="787" ind1="0" ind2=" ">
         <marc:subfield code="w">2411353</marc:subfield>
         <marc:subfield code="n">MAVIS id number</marc:subfield>
      </marc:datafield>
      <marc:datafield tag="787" ind1="0" ind2=" ">
         <marc:subfield code="w">2411356</marc:subfield>
         <marc:subfield code="n">MAVIS id number</marc:subfield>
      </marc:datafield>
      <marc:datafield tag="787" ind1="0" ind2=" ">
         <marc:subfield code="w">2411354</marc:subfield>
         <marc:subfield code="n">MAVIS id number</marc:subfield>
      </marc:datafield>
      <marc:datafield tag="245" ind1="0" ind2="0">
         <marc:subfield code="a">Play Bach. [Partita no. 1 in B flat/Sarabande,
         minutes I and II, finale].</marc:subfield>
         <marc:subfield code="b">a National Educational Television presentation
         ; produced by Granada TV, England.</marc:subfield>
      </marc:datafield>
      <marc:datafield tag="246" ind1="3" ind2="3">
         <marc:subfield code="a">Jacques Loussier Trio.</marc:subfield>
      </marc:datafield>
      <marc:datafield tag="246" ind1="3" ind2="3">
         <marc:subfield code="a">Play Bach--Jacques Loussier Trio.</marc:subfield>
      </marc:datafield>
      <marc:datafield tag="655" ind1=" " ind2="0">
         <marc:subfield code="a">Nonfiction television programs
         (lcgft)</marc:subfield>
         <marc:subfield code="0">http://id.loc.gov/authorities/genreForms/gf2011026425</marc:subfield>
      </marc:datafield>
      <marc:datafield tag="655" ind1=" " ind2="0">
         <marc:subfield code="a">Televised performances
         (lcgft)</marc:subfield>
         <marc:subfield code="0">http://id.loc.gov/authorities/genreForms/gf2011026646</marc:subfield>
      </marc:datafield>
   </marc:record>