
   <marc:record>
      <marc:leader>      am         3u     </marc:leader>
      <marc:datafield tag="042" ind1=" " ind2=" ">
         <marc:subfield code="a">dc</marc:subfield>
      </marc:datafield>
      <marc:datafield tag="720" ind1=" " ind2=" ">
         <marc:subfield code="a">Routledge, Patricia</marc:subfield>
         <marc:subfield code="e">Cast/Actor</marc:subfield>
         <marc:subfield code="0">http://id.loc.gov/authorities/names/n86024968</marc:subfield>
      </marc:datafield>
      <marc:datafield tag="720" ind1=" " ind2=" ">
         <marc:subfield code="a">National Educational Television and Radio Center</marc:subfield>
         <marc:subfield code="e">Broadcaster</marc:subfield>
         <marc:subfield code="0">http://id.loc.gov/authorities/names/n80050382</marc:subfield>
      </marc:datafield>
      <marc:datafield tag="720" ind1=" " ind2=" ">
         <marc:subfield code="a">Dunn,
         Geoffrey</marc:subfield>
         <marc:subfield code="e">Cast/Actor</marc:subfield>
         <marc:subfield code="0">http://id.loc.gov/authorities/names/n85301069</marc:subfield>
      </marc:datafield>
      <marc:datafield tag="720" ind1=" " ind2=" ">
         <marc:subfield code="a">Adrian,
         Max</marc:subfield>
         <marc:subfield code="e">Cast/Actor</marc:subfield>
         <marc:subfield code="0">http://id.loc.gov/authorities/names/n85199193</marc:subfield>
      </marc:datafield>
      <marc:datafield tag="720" ind1=" " ind2=" ">
         <marc:subfield code="a">Hansen,
         Joachim</marc:subfield>
         <marc:subfield code="e">Cast/Actor</marc:subfield>
         <marc:subfield code="0">http://id.loc.gov/authorities/names/nr2001015319</marc:subfield>
      </marc:datafield>
      <marc:datafield tag="720" ind1=" " ind2=" ">
         <marc:subfield code="a">Malleson, Miles</marc:subfield>
         <marc:subfield code="e">Cast/Actor</marc:subfield>
         <marc:subfield code="0">http://id.loc.gov/authorities/names/n84033819</marc:subfield>
      </marc:datafield>
      <marc:datafield tag="720" ind1=" " ind2=" ">
         <marc:subfield code="a">Granada Television</marc:subfield>
         <marc:subfield code="e">Production Company</marc:subfield>
         <marc:subfield code="0">http://id.loc.gov/authorities/names/n50057708</marc:subfield>
      </marc:datafield>
      <marc:datafield tag="720" ind1=" " ind2=" ">
         <marc:subfield code="a">Latham, Stuart</marc:subfield>
         <marc:subfield code="e">Director</marc:subfield>
      </marc:datafield>
      <marc:datafield tag="720" ind1=" " ind2=" ">
         <marc:subfield code="a">Wildeblood,
         Peter</marc:subfield>
         <marc:subfield code="e">Producer</marc:subfield>
         <marc:subfield code="0">http://id.loc.gov/authorities/names/no96038073</marc:subfield>
      </marc:datafield>
      <marc:datafield tag="720" ind1=" " ind2=" ">
         <marc:subfield code="a">Broder, Rita</marc:subfield>
         <marc:subfield code="e">Producer</marc:subfield>
      </marc:datafield>
      <marc:datafield tag="720" ind1=" " ind2=" ">
         <marc:subfield code="a">Housman,
         Laurence</marc:subfield>
         <marc:subfield code="e">Writer</marc:subfield>
         <marc:subfield code="0">http://id.loc.gov/authorities/names/n80056631</marc:subfield>
      </marc:datafield>
      <marc:datafield tag="260" ind1=" " ind2=" ">
         <marc:subfield code="c">1966-11-4</marc:subfield>
      </marc:datafield>
      <marc:datafield tag="260" ind1=" " ind2=" ">
         <marc:subfield code="c">1968-9-6</marc:subfield>
      </marc:datafield>
      <marc:datafield tag="520" ind1=" " ind2=" ">
         <marc:subfield code="a">From NET microfiche (V): General Description of Series: "Victoria Regina" - a
         four-play series about one of the western world's most influential women - will have its
         American television premiere in "NET Playhouse" this fall. Based on the dramatic biography
         by Laurence Housman, himself a subject of Queen Victoria, these television plays trace the
         great English monarch's reign from her accession to the death of her uncle and predecessor,
         William IV, through her marriage to Prince Albert, his death, and the last years of her
         long reign. The four plays are "Spring," "Summer," "Autumn," and "Winter." Patricia
         Routledge plays the part of Victoria, a demanding role in which the actress has to age from
         18 to 77. Miss Routledge, well-known English stage and television star, will also be seen
         by American audiences this fall in the Broadway presentation of the London hit "How's the
         World Treating You?" It will be her legitimate stage debut here. German actor Joachim
         Hansen plays Albert. Veteran international actor Max Adrian plays Disraeli. "Victoria
         Regina" was banned by the English censor when first written, because it contained so sacred
         a character as the late queen. But it was finally presented in 1937 at London's Lyric
         Theater and became an immediate hit. The author wrote about the plays: "Though I have
         sometimes used satire, I never once used it without some measure of affection or respect
         for that quiet, wonderful little lady who is the main subject. I have made her a figure of
         comedy, but not a figure of fun. The plot is not a plot of incident, but of character; and
         what happens to that character is truly dramatic." Of Queen Victoria's relationship to the
         "foreigner" Prince Albert, the author said: "A self-willed, obstinate, imperious and
         passionate little person is taken in hand by the man she meant to make her adorable puppet
         and he, wisely and patiently, tames her, trains her and rules her for her own and her
         country's good." NET Playhouse #5: Victoria Regina: Spring Program Description: "Spring" is
         the first of a series of four plays forming a biography of Queen Victoria, form her
         accession to the throne in 1837 to her Diamond Jubilee in 1897. This play opens at
         Kensington Palace at dawn in 1837 when the 18-year-old Princess is awakened by the
         Archbishop of Canterbury and the Lord Chamberlain with the news that King William IV, her
         uncle, is dead, and that she is Queen. At Buckingham palace her friend and adviser, Prime
         Minister Lord Melbourne, raises the question of her marriage and suggests a list of
         possible husbands, steering her away from her cousin Prince Albert of Saxe-Coburg because
         of his family's hereditary disease: hemophilia. There is a hint of future conflict when, as
         Lord Melbourne leaves the room, she kisses Albert's portrait. The four-part "Victoria
         Regina" is based on Laurence Housman's dramatic biography. Housman (1865-1959) wrote 42
         short plays about Queen Victoria which were published in book form in 1934. Originally
         banned by the censor because they depicted the late Queen, the work was eventually staged
         in London in 1937, and the following year in New York with Helen Hayes as Victoria. (NOTE:
         Followed by filler--Play Bach with the Jacques Loussier Trio.)</marc:subfield>
      </marc:datafield>
      <marc:datafield tag="024" ind1="8" ind2=" ">
         <marc:subfield code="a">2327393</marc:subfield>
         <marc:subfield code="2">MAVIS Title Number</marc:subfield>
      </marc:datafield>
      <marc:datafield tag="024" ind1="8" ind2=" ">
         <marc:subfield code="a">NPVR</marc:subfield>
         <marc:subfield code="2">NET/PBS NOLA</marc:subfield>
      </marc:datafield>
      <marc:datafield tag="024" ind1="8" ind2=" ">
         <marc:subfield code="a">1</marc:subfield>
         <marc:subfield code="2">NET/PBS number</marc:subfield>
      </marc:datafield>
      <marc:datafield tag="653" ind1=" " ind2=" ">
         <marc:subfield code="a">Queens--Great Britain</marc:subfield>
         <marc:subfield code="0">http://id.loc.gov/authorities/subjects/sh85056929</marc:subfield>
      </marc:datafield>
      <marc:datafield tag="653" ind1=" " ind2=" ">
         <marc:subfield code="a">Victoria, Queen of Great Britain,
         1819-1901</marc:subfield>
         <marc:subfield code="0">http://id.loc.gov/authorities/names/n79017983</marc:subfield>
      </marc:datafield>
      <marc:datafield tag="245" ind1="0" ind2="0">
         <marc:subfield code="a">NET playhouse. Victoria Regina--Spring.</marc:subfield>
         <marc:subfield code="b">National Educational Television presents ;
         produced by Granada TV, England ; producer, Peter Wildeblood ; director, Stuart Latham ;
         NET producer, Rita Broder.</marc:subfield>
      </marc:datafield>
      <marc:datafield tag="246" ind1="3" ind2="3">
         <marc:subfield code="a">Victoria Regina--Spring.</marc:subfield>
      </marc:datafield>
      <marc:datafield tag="246" ind1="3" ind2="3">
         <marc:subfield code="a">Spring.</marc:subfield>
      </marc:datafield>
      <marc:datafield tag="246" ind1="3" ind2="3">
         <marc:subfield code="a">NET playhouse. [1966-11-04]. Victoria
         Regina--Spring.</marc:subfield>
      </marc:datafield>
      <marc:datafield tag="246" ind1="3" ind2="3">
         <marc:subfield code="a">NET playhouse. [No. 5], Victoria
         Regina--Spring.</marc:subfield>
      </marc:datafield>
      <marc:datafield tag="246" ind1="3" ind2="3">
         <marc:subfield code="a">NET playhouse. [1968-09-06]. Victoria
         Regina--Spring.</marc:subfield>
      </marc:datafield>
      <marc:datafield tag="655" ind1=" " ind2="0">
         <marc:subfield code="a">Biographical television programs
         (lcgft)</marc:subfield>
         <marc:subfield code="0">http://id.loc.gov/authorities/genreForms/gf2011026091</marc:subfield>
      </marc:datafield>
      <marc:datafield tag="655" ind1=" " ind2="0">
         <marc:subfield code="a">Fiction television programs
         (lcgft)</marc:subfield>
         <marc:subfield code="0">http://id.loc.gov/authorities/genreForms/gf2011026252\n</marc:subfield>
      </marc:datafield>
   </marc:record>