
   <marc:record>
      <marc:leader>      am         3u     </marc:leader>
      <marc:datafield tag="042" ind1=" " ind2=" ">
         <marc:subfield code="a">dc</marc:subfield>
      </marc:datafield>
      <marc:datafield tag="720" ind1=" " ind2=" ">
         <marc:subfield code="a">National Educational Television and Radio Center</marc:subfield>
         <marc:subfield code="e">Broadcaster</marc:subfield>
         <marc:subfield code="0">http://id.loc.gov/authorities/names/n80050382</marc:subfield>
      </marc:datafield>
      <marc:datafield tag="260" ind1=" " ind2=" ">
         <marc:subfield code="c">1966-11-4</marc:subfield>
      </marc:datafield>
      <marc:datafield tag="260" ind1=" " ind2=" ">
         <marc:subfield code="c">1968-9-6</marc:subfield>
      </marc:datafield>
      <marc:datafield tag="520" ind1=" " ind2=" ">
         <marc:subfield code="a">From NET microfiche (V): NET Playhouse #5: Victoria Regina: Spring Program
         Description: "Spring" is the first of a series of four plays forming a biography of Queen
         Victoria, form her accession to the throne in 1837 to her Diamond Jubilee in 1897. This
         play opens at Kensington Palace at dawn in 1837 when the 18-year-old Princess is awakened
         by the Archbishop of Canterbury and the Lord Chamberlain with the news that King William
         IV, her uncle, is dead, and that she is Queen. At Buckingham palace her friend and adviser,
         Prime Minister Lord Melbourne, raises the question of her marriage and suggests a list of
         possible husbands, steering her away from her cousin Prince Albert of Saxe-Coburg because
         of his family's hereditary disease: hemophilia. There is a hint of future conflict when, as
         Lord Melbourne leaves the room, she kisses Albert's portrait. The four-part "Victoria
         Regina" is based on Laurence Housman's dramatic biography. Housman (1865-1959) wrote 42
         short plays about Queen Victoria which were published in book form in 1934. Originally
         banned by the censor because they depicted the late Queen, the work was eventually staged
         in London in 1937, and the following year in New York with Helen Hayes as Victoria. Filler
         Play Bach - Jacques Loussier Trio. Partita no. 1 in B flat (Sarabande, minutes I and II,
         finale)</marc:subfield>
      </marc:datafield>
      <marc:datafield tag="337" ind1=" " ind2=" ">
         <marc:subfield code="a">Moving Image</marc:subfield>
         <marc:subfield code="2">MAVIS media type controlled vocabulary</marc:subfield>
      </marc:datafield>
      <marc:datafield tag="024" ind1="8" ind2=" ">
         <marc:subfield code="a">2327396</marc:subfield>
         <marc:subfield code="2">MAVIS Title Number</marc:subfield>
      </marc:datafield>
      <marc:datafield tag="546" ind1=" " ind2=" ">
         <marc:subfield code="a">English</marc:subfield>
      </marc:datafield>
      <marc:datafield tag="787" ind1="0" ind2=" ">
         <marc:subfield code="w">2327393</marc:subfield>
         <marc:subfield code="n">MAVIS id number</marc:subfield>
         <marc:subfield code="m">Content 1</marc:subfield>
      </marc:datafield>
      <marc:datafield tag="787" ind1="0" ind2=" ">
         <marc:subfield code="w">2327392</marc:subfield>
         <marc:subfield code="n">MAVIS id number</marc:subfield>
         <marc:subfield code="m">Content 2</marc:subfield>
      </marc:datafield>
      <marc:datafield tag="245" ind1="0" ind2="0">
         <marc:subfield code="a">[NET playhouse. Victoria Regina--Spring ; Play
         Bach].</marc:subfield>
         <marc:subfield code="b">NET playhouse ; Granada presents.</marc:subfield>
      </marc:datafield>
      <marc:datafield tag="246" ind1="3" ind2="3">
         <marc:subfield code="a">NET playhouse. Victoria
         Regina--Spring.</marc:subfield>
      </marc:datafield>
   </marc:record>