
   <marc:record>
      <marc:leader>      am         3u     </marc:leader>
      <marc:datafield tag="042" ind1=" " ind2=" ">
         <marc:subfield code="a">dc</marc:subfield>
      </marc:datafield>
      <marc:datafield tag="720" ind1=" " ind2=" ">
         <marc:subfield code="a">National Educational Television and Radio Center</marc:subfield>
         <marc:subfield code="e">Broadcaster</marc:subfield>
         <marc:subfield code="0">http://id.loc.gov/authorities/names/n80050382</marc:subfield>
      </marc:datafield>
      <marc:datafield tag="260" ind1=" " ind2=" ">
         <marc:subfield code="c">1966-11-11</marc:subfield>
      </marc:datafield>
      <marc:datafield tag="260" ind1=" " ind2=" ">
         <marc:subfield code="c">1968-9-13</marc:subfield>
      </marc:datafield>
      <marc:datafield tag="520" ind1=" " ind2=" ">
         <marc:subfield code="a">From NET microfiche (V): NET Playhouse #6: Victoria Regina: Summer Program
         Description: Conflict develops between the young Queen Victoria and her consort Prince
         Albert in the second play in the "Victoria Regina" series: "Summer." The play opens with
         the newly-wed Victoria admiring her German prince shaving on the morning after their
         wedding. But this bliss is not to last, and soon the rows begin. After each, they make up
         again, but Victoria's desire to submit to Albert's wishes as a wife succumbs gradually to
         her wish to control him as Queen. She excludes him from affairs of state because he is a
         foreigner. She choose a private secretary for him - with the job of reporting to her. But,
         quietly and firmly, Albert goes his own way. Writing about his "Victoria Regina" plays
         author Laurence Housman said: "A self-willed, obstinate, imperious and passionate little
         person is taken in hand by the man whom she meant to make her adorable puppet and he,
         wisely and patiently tames her, trains her and rules her for her own and her country's
         good." Filler: Play Bach - Jacques Loussier Trio Fantasia and Fugue in G
         Minor</marc:subfield>
      </marc:datafield>
      <marc:datafield tag="337" ind1=" " ind2=" ">
         <marc:subfield code="a">Moving Image</marc:subfield>
         <marc:subfield code="2">MAVIS media type controlled vocabulary</marc:subfield>
      </marc:datafield>
      <marc:datafield tag="024" ind1="8" ind2=" ">
         <marc:subfield code="a">1661436</marc:subfield>
         <marc:subfield code="2">MAVIS Title Number</marc:subfield>
      </marc:datafield>
      <marc:datafield tag="546" ind1=" " ind2=" ">
         <marc:subfield code="a">English</marc:subfield>
      </marc:datafield>
      <marc:datafield tag="787" ind1="0" ind2=" ">
         <marc:subfield code="w">2327117</marc:subfield>
         <marc:subfield code="n">MAVIS id number</marc:subfield>
         <marc:subfield code="m">Content 1</marc:subfield>
      </marc:datafield>
      <marc:datafield tag="787" ind1="0" ind2=" ">
         <marc:subfield code="w">2327160</marc:subfield>
         <marc:subfield code="n">MAVIS id number</marc:subfield>
         <marc:subfield code="m">Content 2</marc:subfield>
      </marc:datafield>
      <marc:datafield tag="245" ind1="0" ind2="0">
         <marc:subfield code="a">[NET playhouse. Victoria Regina--Summer ; Play
         Bach].</marc:subfield>
         <marc:subfield code="b">NET playhouse ; Granada presents.</marc:subfield>
      </marc:datafield>
      <marc:datafield tag="246" ind1="3" ind2="3">
         <marc:subfield code="a">Victoria Regina. [1964-11-20],
         Summer.</marc:subfield>
      </marc:datafield>
   </marc:record>