
   <marc:record>
      <marc:leader>      am         3u     </marc:leader>
      <marc:datafield tag="042" ind1=" " ind2=" ">
         <marc:subfield code="a">dc</marc:subfield>
      </marc:datafield>
      <marc:datafield tag="720" ind1=" " ind2=" ">
         <marc:subfield code="a">National Educational Television and Radio Center</marc:subfield>
         <marc:subfield code="e">Broadcaster</marc:subfield>
         <marc:subfield code="0">http://id.loc.gov/authorities/names/n80050382</marc:subfield>
      </marc:datafield>
      <marc:datafield tag="720" ind1=" " ind2=" ">
         <marc:subfield code="a">Creley,
         Jack</marc:subfield>
         <marc:subfield code="e">Cast/Actor</marc:subfield>
         <marc:subfield code="0">http://id.loc.gov/authorities/names/no2004080911</marc:subfield>
      </marc:datafield>
      <marc:datafield tag="720" ind1=" " ind2=" ">
         <marc:subfield code="a">Shaw, Joseph</marc:subfield>
         <marc:subfield code="e">Cast/Actor</marc:subfield>
      </marc:datafield>
      <marc:datafield tag="720" ind1=" " ind2=" ">
         <marc:subfield code="a">Venza, Jac</marc:subfield>
         <marc:subfield code="e">Executive Producer</marc:subfield>
         <marc:subfield code="0">http://id.loc.gov/authorities/names/no93017967</marc:subfield>
      </marc:datafield>
      <marc:datafield tag="720" ind1=" " ind2=" ">
         <marc:subfield code="a">Canadian Broadcasting Corporation</marc:subfield>
         <marc:subfield code="e">Production Company</marc:subfield>
         <marc:subfield code="0">http://id.loc.gov/authorities/names/n80085267</marc:subfield>
      </marc:datafield>
      <marc:datafield tag="720" ind1=" " ind2=" ">
         <marc:subfield code="a">Sternburg,
         Janet</marc:subfield>
         <marc:subfield code="e">Producer</marc:subfield>
         <marc:subfield code="0">http://id.loc.gov/authorities/names/n80038710</marc:subfield>
      </marc:datafield>
      <marc:datafield tag="720" ind1=" " ind2=" ">
         <marc:subfield code="a">Prizek,
         Mario</marc:subfield>
         <marc:subfield code="e">Producer</marc:subfield>
         <marc:subfield code="0">http://id.loc.gov/authorities/names/no96063388</marc:subfield>
      </marc:datafield>
      <marc:datafield tag="720" ind1=" " ind2=" ">
         <marc:subfield code="a">Prizek,
         Mario</marc:subfield>
         <marc:subfield code="e">Director</marc:subfield>
         <marc:subfield code="0">http://id.loc.gov/authorities/names/no96063388</marc:subfield>
      </marc:datafield>
      <marc:datafield tag="720" ind1=" " ind2=" ">
         <marc:subfield code="a">Jonson, Ben, 1573?-1637</marc:subfield>
         <marc:subfield code="e">Author/Based on</marc:subfield>
         <marc:subfield code="0">http://id.loc.gov/authorities/names/n80044918</marc:subfield>
      </marc:datafield>
      <marc:datafield tag="260" ind1=" " ind2=" ">
         <marc:subfield code="c">1970-1-8</marc:subfield>
      </marc:datafield>
      <marc:datafield tag="260" ind1=" " ind2=" ">
         <marc:subfield code="c">1971-1-7</marc:subfield>
      </marc:datafield>
      <marc:datafield tag="260" ind1=" " ind2=" ">
         <marc:subfield code="c">1972-13</marc:subfield>
      </marc:datafield>
      <marc:datafield tag="520" ind1=" " ind2=" ">
         <marc:subfield code="a">From the NET microfiche: The great English playwright Ben Jonson wrote
         "Volpone" in 1605 as an attack upon the evils of his time. Exposing the various faces of
         the same vice - avarice - the play is about a rich Venetian nobleman, Volpone, who has no
         heirs. He pretends he is dying in order to draw gifts from those who pay court to him in
         hope of becoming beneficiaries of his estate. The same greed that leads Volpone stirs the
         various potential "heirs," who are each persuaded by Mosca, Volpone's knavish servant and
         confederate, that they will be the inheritor. Voltore, the advocate, would make out the
         will in his own favor; Corbaccio would betray his own son; and Corvino would yield his own
         wife to Volpone's lust. But in the end Volpone is betrayed, his property is forfeited, and
         he is disgraced. Cast: Volpone - Jack Creley Mosca - Brian Petchey Voltore - Joseph Shaw
         Corbaccio - Chris Wiggins Corvino - Leo Leyden Celia - Diana Barrington Bonario - Brian
         Russell Advocates - Donald Ewer, Don McManus, and Sydney Brown Nano - John Ferguson
         Castrone - Gino Marrocco Androgyno - Mark Anders NET PLAYHOUSE - "Volpone" is an NET
         presentation, produced by the CBC. CBC Executive producer: Robert Allen. Producer-director:
         Mario Prizek. Producer for NET: Janet Sternburg. Executive producer: Jac Venza. PLEASE
         NOTE: Technical difficulties have forced the substitution of "Volpone" for "Lay Down Your
         Arms," which was originally scheduled as NET Playhouse #221. "Volpone" was first telecast
         as NET Playhouse #171 in January of 1970. Filler Information: Accompanying "Volpone" is an
         animated short film, in color, from Poland, entitled "The Composer and his Muse." The
         eight-and-a-half minutes film is a satire on the creative process. Sitting at his piano,
         bereft of inspiration, the composer is visited through his window by an angelic,
         harp-bearing muse. Hovering in the air about his piano, she is a continual source of
         inspiration to the composer and he quickly becomes famous. But he is afraid his ethereal
         muse will slip out of the window as mysteriously as she entered. He plies with her
         presents: a negligee, candy, miniskirts. One day he discovers to his horror that his muse
         has become a frowsy housewife who spends her days watching television. Although he coaxes
         her, she is even too fat to rise up on her wings and flutter around him. And the harp
         couldn't interest her less! The composer has seduce his muse into domestic tranquility, and
         now he's stuck with her. There is no dialogue.</marc:subfield>
      </marc:datafield>
      <marc:datafield tag="337" ind1=" " ind2=" ">
         <marc:subfield code="a">Moving Image</marc:subfield>
         <marc:subfield code="2">MAVIS media type controlled vocabulary</marc:subfield>
      </marc:datafield>
      <marc:datafield tag="024" ind1="8" ind2=" ">
         <marc:subfield code="a">2469684</marc:subfield>
         <marc:subfield code="2">MAVIS Title Number</marc:subfield>
      </marc:datafield>
      <marc:datafield tag="024" ind1="8" ind2=" ">
         <marc:subfield code="a">NPVA</marc:subfield>
         <marc:subfield code="2">NET/PBS NOLA</marc:subfield>
      </marc:datafield>
      <marc:datafield tag="024" ind1="8" ind2=" ">
         <marc:subfield code="a">0</marc:subfield>
         <marc:subfield code="2">NET/PBS number</marc:subfield>
      </marc:datafield>
      <marc:datafield tag="024" ind1="8" ind2=" ">
         <marc:subfield code="a">171 [original]</marc:subfield>
         <marc:subfield code="2">Episode Number</marc:subfield>
      </marc:datafield>
      <marc:datafield tag="024" ind1="8" ind2=" ">
         <marc:subfield code="a">221 [repeat]</marc:subfield>
         <marc:subfield code="2">Episode Number</marc:subfield>
      </marc:datafield>
      <marc:datafield tag="546" ind1=" " ind2=" ">
         <marc:subfield code="a">English</marc:subfield>
      </marc:datafield>
      <marc:datafield tag="245" ind1="0" ind2="0">
         <marc:subfield code="a">NET playhouse. Volpone.</marc:subfield>
         <marc:subfield code="b">National Educational Television and the
         Canadian Broadcasting Corporation ; producers, Mario Prizek and Janet Sternburg ; director,
         Mario Prizek.</marc:subfield>
      </marc:datafield>
      <marc:datafield tag="246" ind1="3" ind2="3">
         <marc:subfield code="a">Volpone.</marc:subfield>
      </marc:datafield>
      <marc:datafield tag="246" ind1="3" ind2="3">
         <marc:subfield code="a">Valpone. [erroneous]</marc:subfield>
      </marc:datafield>
      <marc:datafield tag="246" ind1="3" ind2="3">
         <marc:subfield code="a">NET playhouse. Valpone.
         [erroneous]</marc:subfield>
      </marc:datafield>
      <marc:datafield tag="246" ind1="3" ind2="3">
         <marc:subfield code="a">The composer and his muse.
         [filler]</marc:subfield>
      </marc:datafield>
      <marc:datafield tag="246" ind1="3" ind2="3">
         <marc:subfield code="a">NET playhouse. [No. 221], Volpone.
         [repeat]</marc:subfield>
      </marc:datafield>
      <marc:datafield tag="246" ind1="3" ind2="3">
         <marc:subfield code="a">NET playhouse. [No. 171], Volpone.</marc:subfield>
      </marc:datafield>
      <marc:datafield tag="655" ind1=" " ind2="0">
         <marc:subfield code="a">Television adaptations
         (lcgft)</marc:subfield>
         <marc:subfield code="0">http://id.loc.gov/authorities/genreForms/gf2011026653\n</marc:subfield>
      </marc:datafield>
      <marc:datafield tag="655" ind1=" " ind2="0">
         <marc:subfield code="a">Fiction television programs
         (lcgft)</marc:subfield>
         <marc:subfield code="0">http://id.loc.gov/authorities/genreForms/gf2011026252\n</marc:subfield>
      </marc:datafield>
      <marc:datafield tag="655" ind1=" " ind2="0">
         <marc:subfield code="a">Televised plays (lcgft)</marc:subfield>
         <marc:subfield code="0">http://id.loc.gov/authorities/genreForms/gf2011026647</marc:subfield>
      </marc:datafield>
   </marc:record>