
   <marc:record>
      <marc:leader>      am         3u     </marc:leader>
      <marc:datafield tag="042" ind1=" " ind2=" ">
         <marc:subfield code="a">dc</marc:subfield>
      </marc:datafield>
      <marc:datafield tag="720" ind1=" " ind2=" ">
         <marc:subfield code="a">Evans,
         Clifford</marc:subfield>
         <marc:subfield code="e">Cast/Actor</marc:subfield>
         <marc:subfield code="0">http://id.loc.gov/authorities/names/n2003082201</marc:subfield>
      </marc:datafield>
      <marc:datafield tag="720" ind1=" " ind2=" ">
         <marc:subfield code="a">National Educational Television and Radio Center</marc:subfield>
         <marc:subfield code="e">Broadcaster</marc:subfield>
         <marc:subfield code="0">http://id.loc.gov/authorities/names/n80050382</marc:subfield>
      </marc:datafield>
      <marc:datafield tag="720" ind1=" " ind2=" ">
         <marc:subfield code="a">Rigg,
         Diana</marc:subfield>
         <marc:subfield code="e">Cast/Actor</marc:subfield>
         <marc:subfield code="0">http://id.loc.gov/authorities/names/n79052758</marc:subfield>
      </marc:datafield>
      <marc:datafield tag="720" ind1=" " ind2=" ">
         <marc:subfield code="a">Grant, Pauline</marc:subfield>
         <marc:subfield code="e">Choreographer</marc:subfield>
         <marc:subfield code="0">http://id.loc.gov/authorities/names/nb2001015456</marc:subfield>
      </marc:datafield>
      <marc:datafield tag="720" ind1=" " ind2=" ">
         <marc:subfield code="a">Dodson, Eric</marc:subfield>
         <marc:subfield code="e">Cast/Actor</marc:subfield>
      </marc:datafield>
      <marc:datafield tag="720" ind1=" " ind2=" ">
         <marc:subfield code="a">Granada Television</marc:subfield>
         <marc:subfield code="e">Production Company</marc:subfield>
         <marc:subfield code="0">http://id.loc.gov/authorities/names/n50057708</marc:subfield>
      </marc:datafield>
      <marc:datafield tag="720" ind1=" " ind2=" ">
         <marc:subfield code="a">Flemyng,
         Gordon</marc:subfield>
         <marc:subfield code="e">Director</marc:subfield>
         <marc:subfield code="0">http://id.loc.gov/authorities/names/n97839797</marc:subfield>
      </marc:datafield>
      <marc:datafield tag="720" ind1=" " ind2=" ">
         <marc:subfield code="a">Chessid, Kay</marc:subfield>
         <marc:subfield code="e">Producer</marc:subfield>
      </marc:datafield>
      <marc:datafield tag="720" ind1=" " ind2=" ">
         <marc:subfield code="a">Middleton, Thomas, -1627</marc:subfield>
         <marc:subfield code="e">Author/Based on</marc:subfield>
         <marc:subfield code="0">http://id.loc.gov/authorities/names/n79054288</marc:subfield>
      </marc:datafield>
      <marc:datafield tag="720" ind1=" " ind2=" ">
         <marc:subfield code="a">Mackie,
         Philip</marc:subfield>
         <marc:subfield code="e">Producer</marc:subfield>
         <marc:subfield code="0">http://id.loc.gov/authorities/names/no2003110598</marc:subfield>
      </marc:datafield>
      <marc:datafield tag="260" ind1=" " ind2=" ">
         <marc:subfield code="c">1968-11-1</marc:subfield>
      </marc:datafield>
      <marc:datafield tag="260" ind1=" " ind2=" ">
         <marc:subfield code="c">1966-7-27</marc:subfield>
      </marc:datafield>
      <marc:datafield tag="520" ind1=" " ind2=" ">
         <marc:subfield code="a">From NET microfiche: Background Information: The English dramatist Thomas
         Middleton was born around 1580 and died in 1627. Little is known of his origins or life,
         but enough examples of his work survive for him to be considered one of the major dramatic
         writers among Shakespeare's contemporaries. Although he wrote many comedies of contemporary
         manners, primarily in collaboration with others, "Women Beware Women," one of the few plays
         he wrote alone, is considered the most important of his serious works. It has been called
         his most powerful play. In spite of its Italian setting, "Women Beware Women" reflects
         Middleton's keen observation of London society of his time, his civic consciousness (he
         served for a time as City chronicler), and his awareness of the social changes of the
         England of his period (the rise of the moneyed class to prominence among the landed
         aristocracy). Middleton had an almost total preoccupation with depraved types, but his
         dramatic gifts turned this fascination to artistic force. His finest efforts are triumphant
         studies of the pathology of morality and evil, powerful enough to warrant revival for over
         300 years. A complicated and bloody play, "Women Beware Women" is described by the
         contemporary British drama critic John Russell Taylor as "a savagely witty tragedy of court
         manners." It was first performed in London around 1612. "The Changeling," which Middleton
         wrote with William Rowley, was shown on NET Playhouse last season. The Plot: The setting is
         Florence, Italy, in 1620. The ambitious and wealthy citizen Fabricio, is determined that
         his daughter, Isabella, marry the moronic but rich ward of his old friend Guardiano. But
         Isabella is the object of the guilty love of her uncle, Hippolito. Fabricio's and
         Hippolito's sister, Livia, is an embittered, middle-aged woman, who lives in a villa with
         her brothers and niece. To help her brothers, she tells her niece, Isabella, that she is
         not related by blood to her father's family and thus paves the way for Isabella to take her
         uncle as her lover and to agree to marry the ward as a cover for the affair. Meanwhile,
         Leantio, a young merchant, brings back to Florence his beautiful and nobly-born bride,
         Bianca, with whom he has eloped from Venice. When he leaves on a business trip, the Duke of
         Florence, having seen Bianca at a window and desiring her, commissions his friend Guardiano
         to get her for him. The corrupt Livia agrees to help Guardiano. She invites Leantio's
         mother, a neighbor, to come with Bianca to her house. While Livia distracts the mother by
         playing a game of chess with her, Guardiano shows Bianca around the house - and to a
         bedroom where the Duke is lying in wait for her. When Leantio returns to Florence he finds
         Bianca discontented and quarrelsome, and he soon discovers that she is the Duke's mistress.
         To spite Bianca, he agrees to become the lover of the middle-aged Livia. But the Duke
         decides to get rid of the troublesome young husband. He tells Hippolito that Leantio is
         Livia's lover and is boasting of that fact. To avenge his family's honor, Hippolito
         challenges Leantio to a duel and kills him. In a fury of revenge, Livia tells Isabella that
         Hippolito is her real uncle. She tells Guardiano and his ward, too, of the affair.
         Guardiano swears vengeance for his ward's honor. Despite the protests of his brother, the
         Cardinal, the Duke goes ahead with his plans to marry Bianca. Isabella has prepared a
         masque in honor of the wedding couple, and plans to kill her aunt Livia with fumes from a
         poisoned censer. At the same time, Bianca has planned to kill the interfering Cardinal with
         a goblet of poisoned wine. During the masque, however, Isabella, as well as Livia, is
         overcome by the poisoned fumes, and the Duke accidently drinks from the poisoned cup
         intended for the Cardinal. Bianca, seeing the Duke die, drinks from the goblet and dies
         herself. Guardiano is killed in a trap he has prepared for Hippolito, while Hippolito is
         killed with poisoned arrows shot by Livia's pages. Out of this carnage, only the Cardinal
         is left alive. NET Playhouse - "Women Beware Women" is a National Educational Television
         presentation, produced for Granada TV by Philip Mackie. It was adapted for television by
         Mr. Mackie, directed by Gordon Flemyng and designed by Roy Stonehouse. Dances were arranged
         by Pauline Grant. Producer for NET is Kay Chessid. The Cast: The Duke of Florence -
         Clifford Evans Livia - Gene Anderson Bianca - Diana Rigg Hippolito - Laurence Payne Leantio
         - Bill Gaunt Fabricio - Michael Barrington Guardiano - Godfrey Quigley The Ward - Derek
         Newark The Duke's Servant - Michael Blackham Leantio's Mother - Dorothy Edwards The
         Cardinal - Eric Dodson Isabella - Karin Fernald Livia's Servant - Derek Ware Ward's Servant
         - Adam Rowntree Ganymede - Peter McCann Hebe - Pauline Wingfield Hymen - Iona acrae Cupid -
         Kenneth Nash Leantio's - Clive Marshall 1st Man - Martin Dobson 2nd Man - Michael Burchill
         Suggested Newspaper Listing: NET Playhouse - "Women Beware Women" - Revenge tragedy by the
         17th-century English dramatist Thomas Middleton, a savagely witty study of seduction,
         jealousy, intrigue, corruption, and murder.</marc:subfield>
      </marc:datafield>
      <marc:datafield tag="337" ind1=" " ind2=" ">
         <marc:subfield code="a">Moving Image</marc:subfield>
         <marc:subfield code="2">MAVIS media type controlled vocabulary</marc:subfield>
      </marc:datafield>
      <marc:datafield tag="024" ind1="8" ind2=" ">
         <marc:subfield code="a">2411358</marc:subfield>
         <marc:subfield code="2">MAVIS Title Number</marc:subfield>
      </marc:datafield>
      <marc:datafield tag="024" ind1="8" ind2=" ">
         <marc:subfield code="a">NPEB</marc:subfield>
         <marc:subfield code="2">NET/PBS NOLA</marc:subfield>
      </marc:datafield>
      <marc:datafield tag="024" ind1="8" ind2=" ">
         <marc:subfield code="a">0</marc:subfield>
         <marc:subfield code="2">NET/PBS number</marc:subfield>
      </marc:datafield>
      <marc:datafield tag="024" ind1="8" ind2=" ">
         <marc:subfield code="a">109</marc:subfield>
         <marc:subfield code="2">Episode Number</marc:subfield>
      </marc:datafield>
      <marc:datafield tag="546" ind1=" " ind2=" ">
         <marc:subfield code="a">English</marc:subfield>
      </marc:datafield>
      <marc:datafield tag="653" ind1=" " ind2=" ">
         <marc:subfield code="a">Tragedy</marc:subfield>
         <marc:subfield code="0">http://id.loc.gov/authorities/subjects/sh85136785</marc:subfield>
      </marc:datafield>
      <marc:datafield tag="245" ind1="0" ind2="0">
         <marc:subfield code="a">NET playhouse. Women beware women.</marc:subfield>
         <marc:subfield code="b">Granada TV ; producers, Philip Mackie and Kay
         Chessid ; director, Gordon Flemyng.</marc:subfield>
      </marc:datafield>
      <marc:datafield tag="246" ind1="3" ind2="3">
         <marc:subfield code="a">Women beware women.</marc:subfield>
      </marc:datafield>
      <marc:datafield tag="246" ind1="3" ind2="3">
         <marc:subfield code="a">NET playhouse. [No. 109], Women beware
         women.</marc:subfield>
      </marc:datafield>
      <marc:datafield tag="655" ind1=" " ind2="0">
         <marc:subfield code="a">Television adaptations
         (lcgft)</marc:subfield>
         <marc:subfield code="0">http://id.loc.gov/authorities/genreForms/gf2011026653\n</marc:subfield>
      </marc:datafield>
      <marc:datafield tag="655" ind1=" " ind2="0">
         <marc:subfield code="a">Fiction television programs
         (lcgft)</marc:subfield>
         <marc:subfield code="0">http://id.loc.gov/authorities/genreForms/gf2011026252\n</marc:subfield>
      </marc:datafield>
      <marc:datafield tag="655" ind1=" " ind2="0">
         <marc:subfield code="a">Televised plays (lcgft)</marc:subfield>
         <marc:subfield code="0">http://id.loc.gov/authorities/genreForms/gf2011026647</marc:subfield>
      </marc:datafield>
   </marc:record>