
   <marc:record>
      <marc:leader>      am         3u     </marc:leader>
      <marc:datafield tag="042" ind1=" " ind2=" ">
         <marc:subfield code="a">dc</marc:subfield>
      </marc:datafield>
      <marc:datafield tag="720" ind1=" " ind2=" ">
         <marc:subfield code="a">National Educational Television and Radio Center</marc:subfield>
         <marc:subfield code="e">Broadcaster</marc:subfield>
         <marc:subfield code="0">http://id.loc.gov/authorities/names/n80050382</marc:subfield>
      </marc:datafield>
      <marc:datafield tag="720" ind1=" " ind2=" ">
         <marc:subfield code="a">Papandreou, Andreas George</marc:subfield>
         <marc:subfield code="e">Participant</marc:subfield>
         <marc:subfield code="0">http://id.loc.gov/authorities/names/n50050225</marc:subfield>
      </marc:datafield>
      <marc:datafield tag="720" ind1=" " ind2=" ">
         <marc:subfield code="a">Servan-Schreiber, J.-J.</marc:subfield>
         <marc:subfield code="e">Participant</marc:subfield>
         <marc:subfield code="0">http://id.loc.gov/authorities/names/n50002757</marc:subfield>
      </marc:datafield>
      <marc:datafield tag="720" ind1=" " ind2=" ">
         <marc:subfield code="a">Schlesinger, Arthur M. (Arthur Meier)</marc:subfield>
         <marc:subfield code="e">Participant</marc:subfield>
         <marc:subfield code="0">http://id.loc.gov/authorities/names/n79007439</marc:subfield>
      </marc:datafield>
      <marc:datafield tag="720" ind1=" " ind2=" ">
         <marc:subfield code="a">Brzezinski, Zbigniew</marc:subfield>
         <marc:subfield code="e">Participant</marc:subfield>
         <marc:subfield code="0">http://id.loc.gov/authorities/names/n84801105</marc:subfield>
      </marc:datafield>
      <marc:datafield tag="720" ind1=" " ind2=" ">
         <marc:subfield code="a">Manning,
         Robert, 1919-</marc:subfield>
         <marc:subfield code="e">Moderator</marc:subfield>
         <marc:subfield code="0">http://id.loc.gov/authorities/names/n92018711</marc:subfield>
      </marc:datafield>
      <marc:datafield tag="720" ind1=" " ind2=" ">
         <marc:subfield code="a">McCutchen, Dick</marc:subfield>
         <marc:subfield code="e">Narrator</marc:subfield>
         <marc:subfield code="0">http://id.loc.gov/authorities/names/no00028548</marc:subfield>
      </marc:datafield>
      <marc:datafield tag="720" ind1=" " ind2=" ">
         <marc:subfield code="a">Loebl,
         Eugen</marc:subfield>
         <marc:subfield code="e">Participant</marc:subfield>
         <marc:subfield code="0">http://id.loc.gov/authorities/names/n50041546</marc:subfield>
      </marc:datafield>
      <marc:datafield tag="720" ind1=" " ind2=" ">
         <marc:subfield code="a">Dietrick,
         Garth</marc:subfield>
         <marc:subfield code="e">Director</marc:subfield>
         <marc:subfield code="0">http://id.loc.gov/authorities/names/no2009005818</marc:subfield>
      </marc:datafield>
      <marc:datafield tag="720" ind1=" " ind2=" ">
         <marc:subfield code="a">Schnurman,
         Ned</marc:subfield>
         <marc:subfield code="e">Producer</marc:subfield>
         <marc:subfield code="0">http://id.loc.gov/authorities/names/no97047977</marc:subfield>
      </marc:datafield>
      <marc:datafield tag="260" ind1=" " ind2=" ">
         <marc:subfield code="c">1968-12-4</marc:subfield>
      </marc:datafield>
      <marc:datafield tag="260" ind1=" " ind2=" ">
         <marc:subfield code="c">1968-12-9</marc:subfield>
      </marc:datafield>
      <marc:datafield tag="260" ind1=" " ind2=" ">
         <marc:subfield code="c">1968-12-6</marc:subfield>
      </marc:datafield>
      <marc:datafield tag="260" ind1=" " ind2=" ">
         <marc:subfield code="c">1968</marc:subfield>
      </marc:datafield>
      <marc:datafield tag="520" ind1=" " ind2=" ">
         <marc:subfield code="a">From NET microfiche, file A; Suggested Newspaper Listing An examination of
         American foreign policy by historian Arthur M. Schlesinger Jr., author and publisher
         Jean-Jacques Servan - Schreiber ("The American Challenge"), exiled Greek leader Andreas
         Papandreou, former Czech economist Eugen Loebl, and Soviet affairs specialist Zbigniew
         Brzezinski. Taped at the Princeton symposium of foreign policy, with moderator Robert
         Manning. Program Description The program features an analysis of American foreign policy in
         its ever-shifting balance with the Soviet Union. With American prestige at low ebb as a
         result of our involvement in the Vietnam War, the panelists assess Mr. Nixon's probable
         approach to foreign policy. They also add their personal insights into such recent crises
         as Czechoslovakia's invasion, the coup in Greece, and escalating dissent in America.
         Servan-Schreiber states that the revolt of youth against the war and social injustices has
         "done more for America's political prestige" than any other recent occurrence, since it
         proves that America is still a free society capable of tolerating opposing viewpoints. He
         noted earlier that world influence was no longer based on military strength, and
         accordingly the invasion of Czechoslovakia was "the greatest defeat for Russia." On
         idealistic grounds, Loebl questioned "whether the United States is for the principle of
         self-determination," based on its lack of involvement in the Czech liberalization struggle.
         Papandreou added: "Czechoslovakia and Greece are both victims of the two blocs. Greece is
         an American satellite . That democracy died in Greece is directly a result of American
         military thinking." He recalled a conversation with Robert Kennedy in which the late
         Senator indicated a desire to cut off aid to Greece's military government - "at that moment
         the military government will cease to exist." Schlesinger stressed, however, that the US is
         often "the great alibi" in countries with anti-democratic regimes, as exist in Latin
         American countries. Brzezinski said, "The United States is involved (around the world)
         because of the kind of society it is. We tend to search for foreign demons when a situation
         becomes unmanageable . The more upheavals, the less democratic system." Discussing the
         complexity of international involvements, Schlesinger recalled President Kennedy's
         embarrassment during the Cuban missile crisis when he learned that American Jupiter
         missiles had not been removed from Turkey and Italy - six months after he ordered such
         removal - thus weakening his own argument with Russia. He also recalled a conversation with
         an ominous ring between Charles de Gaulle and President Kennedy. De Gaulle indicated:
         "don't construe influence in Asia by military strength. We in France have more influence in
         South East Asia since we withdrew our forces."</marc:subfield>
      </marc:datafield>
      <marc:datafield tag="337" ind1=" " ind2=" ">
         <marc:subfield code="a">Moving Image</marc:subfield>
         <marc:subfield code="2">MAVIS media type controlled vocabulary</marc:subfield>
      </marc:datafield>
      <marc:datafield tag="024" ind1="8" ind2=" ">
         <marc:subfield code="a">2093807</marc:subfield>
         <marc:subfield code="2">MAVIS Title Number</marc:subfield>
      </marc:datafield>
      <marc:datafield tag="024" ind1="8" ind2=" ">
         <marc:subfield code="a">NSAI</marc:subfield>
         <marc:subfield code="2">NET/PBS NOLA</marc:subfield>
      </marc:datafield>
      <marc:datafield tag="024" ind1="8" ind2=" ">
         <marc:subfield code="a">0</marc:subfield>
         <marc:subfield code="2">NET/PBS number</marc:subfield>
      </marc:datafield>
      <marc:datafield tag="546" ind1=" " ind2=" ">
         <marc:subfield code="a">English</marc:subfield>
      </marc:datafield>
      <marc:datafield tag="653" ind1=" " ind2=" ">
         <marc:subfield code="a">United States--Foreign
         relations--1963-1969</marc:subfield>
         <marc:subfield code="0">http://id.loc.gov/authorities/subjects/sh85140101</marc:subfield>
      </marc:datafield>
      <marc:datafield tag="653" ind1=" " ind2=" ">
         <marc:subfield code="a">World politics--1965-1975</marc:subfield>
         <marc:subfield code="0">http://id.loc.gov/authorities/subjects/sh85148227</marc:subfield>
      </marc:datafield>
      <marc:datafield tag="653" ind1=" " ind2=" ">
         <marc:subfield code="a">Cold War</marc:subfield>
         <marc:subfield code="0">http://id.loc.gov/authorities/subjects/sh88005637</marc:subfield>
      </marc:datafield>
      <marc:datafield tag="245" ind1="0" ind2="0">
         <marc:subfield code="a">NET special. The
         American image.</marc:subfield>
         <marc:subfield code="b">National Educational Television and Raido
         Center ; producer, Ned Schurman ; director, Garth Dietrick.</marc:subfield>
      </marc:datafield>
      <marc:datafield tag="246" ind1="3" ind2="3">
         <marc:subfield code="a">The American image.</marc:subfield>
      </marc:datafield>
      <marc:datafield tag="246" ind1="3" ind2="3">
         <marc:subfield code="a">NET journal. The
         American image.</marc:subfield>
      </marc:datafield>
      <marc:datafield tag="655" ind1=" " ind2="0">
         <marc:subfield code="a">Nonfiction television programs
         (lcgft)</marc:subfield>
         <marc:subfield code="0">http://id.loc.gov/authorities/genreForms/gf2011026425</marc:subfield>
      </marc:datafield>
      <marc:datafield tag="655" ind1=" " ind2="0">
         <marc:subfield code="a">Television panel discussions
         (lcgft)</marc:subfield>
         <marc:subfield code="0">http://id.loc.gov/authorities/genreForms/gf2011026668</marc:subfield>
      </marc:datafield>
   </marc:record>