
   <marc:record>
      <marc:leader>      am         3u     </marc:leader>
      <marc:datafield tag="042" ind1=" " ind2=" ">
         <marc:subfield code="a">dc</marc:subfield>
      </marc:datafield>
      <marc:datafield tag="720" ind1=" " ind2=" ">
         <marc:subfield code="a">National Educational Television and Radio Center</marc:subfield>
         <marc:subfield code="e">Broadcaster</marc:subfield>
         <marc:subfield code="0">http://id.loc.gov/authorities/names/n80050382</marc:subfield>
      </marc:datafield>
      <marc:datafield tag="720" ind1=" " ind2=" ">
         <marc:subfield code="a">Humphrey, Hubert H.</marc:subfield>
         <marc:subfield code="e">Interviewee</marc:subfield>
         <marc:subfield code="0">http://id.loc.gov/authorities/names/n86828402</marc:subfield>
      </marc:datafield>
      <marc:datafield tag="720" ind1=" " ind2=" ">
         <marc:subfield code="a">National Educational Television and Radio Center</marc:subfield>
         <marc:subfield code="e">Production Company</marc:subfield>
         <marc:subfield code="0">http://id.loc.gov/authorities/names/n80050382</marc:subfield>
      </marc:datafield>
      <marc:datafield tag="720" ind1=" " ind2=" ">
         <marc:subfield code="a">Schnurman, Ned</marc:subfield>
         <marc:subfield code="e">Executive Producer</marc:subfield>
         <marc:subfield code="0">http://id.loc.gov/authorities/names/no97047977</marc:subfield>
      </marc:datafield>
      <marc:datafield tag="720" ind1=" " ind2=" ">
         <marc:subfield code="a">Jones, Edward Magruder</marc:subfield>
         <marc:subfield code="e">Producer</marc:subfield>
      </marc:datafield>
      <marc:datafield tag="720" ind1=" " ind2=" ">
         <marc:subfield code="a">Gordon, Barbara</marc:subfield>
         <marc:subfield code="e">Producer</marc:subfield>
      </marc:datafield>
      <marc:datafield tag="260" ind1=" " ind2=" ">
         <marc:subfield code="c">1969-3-3</marc:subfield>
      </marc:datafield>
      <marc:datafield tag="520" ind1=" " ind2=" ">
         <marc:subfield code="a">From NET microfiche: The program will show former Vice President Hubert
         Humphrey meeting with his first students at Macalester College, St. Paul, Minnesota. Mr.
         Humphrey has accepted a shared professorship at Macalester College and the University of
         Minnesota in Minneapolis. He will divide his time between the two institutions and will
         take part in classroom discussion, lectures, and seminars in various disciplines for both
         students and faculty. Mr. Humphrey was graduate from the University of Minnesota in 1939,
         and taught political science at Macalester in 1943-44. His first class at Macalester, an
         undergraduate college with a student body of 1,700 will be in political science - decision
         making in the executive government. He will also participate in a "free-for-all"
         question-and-answer session with 250 students of the college, as part of the Political
         Emphasis Week at Macalester. In a heated question-answer session with his students at
         Macalester College, Mr. Humphrey's remarks as a follows: On the Chicago convention: "I was
         a victim of it .... The tragedy of Chicago could be characteristic of what will happen
         throughout the country." Mr. Humphrey cites one solution: better-paid, better-educated
         policemen. On Mayor Daley: "Daley didn't break his heart for me ... He may not be a very
         sensitive mayor, but he's not a crook." ON the crisis in the universities: "Many of the
         colleges and universities are very backward in practices and administrative structure and
         curriculum in terms of what is needed for a student today. In non-academic things, I think
         students ought to have the majority voice." On law and order as a campaign issue: "Law and
         order was a phrase for repression. It was really, 'Let's crack down on the Negro,' that's
         what they were really saying, and I refused to say it." On Negro rights: "I think that you
         have to have inequality of opportunity for those who have been denied it for a long time."
         On Administration policy and the Vice President: "Once you fix a course, it's very
         difficult to unfix it... I'll take my share of blame for whatever mistakes we've made in
         policy, even though you'll find the vice presidency isn't exactly the most powerful office
         in the world." On the draft: "The present Selective Service system is outrageous  There's
         a great merit in a volunteer army." But the way to change the policy is "not by burning
         your draft card... that doesn't mean you're going to get out of the Army. On the upcoming
         semester: "Your tail will be dragging." On Mr. Humphrey's presence at the college: "If I
         had had all the answers, I wouldn't be here; I'd be president." On his running mate: "My
         vice presidential nominee wasn't from South Carolina or someplace else. He was Ed Muskie
         and I selected him, and I prefer to have the right to decide who are my friends." On the
         poverty program: "There's been more hue and cry about the mismanagement of the poverty
         program than about the fact that they build airplane engines that wouldn't lift an airplane
         off the ground, and they cancel the contract and say it was engineering experimentation."
         On the Nigerian civil war: "I helped get some cargo planes to bring food to the Biafrans."
         NET JOURNAL - "New Man on Campus" is a NET production. Executive producer: Ned Schnurman.
         Produced by Barbara Gordon and Edward Magruder Jones. Associate producer: Betty
         Paysner.</marc:subfield>
      </marc:datafield>
      <marc:datafield tag="337" ind1=" " ind2=" ">
         <marc:subfield code="a">Moving Image</marc:subfield>
         <marc:subfield code="2">MAVIS media type controlled vocabulary</marc:subfield>
      </marc:datafield>
      <marc:datafield tag="024" ind1="8" ind2=" ">
         <marc:subfield code="a">2328601</marc:subfield>
         <marc:subfield code="2">MAVIS Title Number</marc:subfield>
      </marc:datafield>
      <marc:datafield tag="024" ind1="8" ind2=" ">
         <marc:subfield code="a">NWMC</marc:subfield>
         <marc:subfield code="2">NET/PBS NOLA</marc:subfield>
      </marc:datafield>
      <marc:datafield tag="024" ind1="8" ind2=" ">
         <marc:subfield code="a">0</marc:subfield>
         <marc:subfield code="2">NET/PBS number</marc:subfield>
      </marc:datafield>
      <marc:datafield tag="024" ind1="8" ind2=" ">
         <marc:subfield code="a">1</marc:subfield>
         <marc:subfield code="2">Episode Number</marc:subfield>
      </marc:datafield>
      <marc:datafield tag="024" ind1="8" ind2=" ">
         <marc:subfield code="a">227?</marc:subfield>
         <marc:subfield code="2">Episode Number</marc:subfield>
      </marc:datafield>
      <marc:datafield tag="546" ind1=" " ind2=" ">
         <marc:subfield code="a">English</marc:subfield>
      </marc:datafield>
      <marc:datafield tag="653" ind1=" " ind2=" ">
         <marc:subfield code="a">Humphrey, Hubert H.</marc:subfield>
         <marc:subfield code="0">http://id.loc.gov/authorities/names/n79026910</marc:subfield>
      </marc:datafield>
      <marc:datafield tag="653" ind1=" " ind2=" ">
         <marc:subfield code="a">Macalester College</marc:subfield>
         <marc:subfield code="0">http://id.loc.gov/authorities/names/n50079899</marc:subfield>
      </marc:datafield>
      <marc:datafield tag="245" ind1="0" ind2="0">
         <marc:subfield code="a">New man on campus.</marc:subfield>
         <marc:subfield code="b">National Educational Television ; producers,
         Barbara Gordon and Edward Magruder Jones.</marc:subfield>
      </marc:datafield>
      <marc:datafield tag="246" ind1="3" ind2="3">
         <marc:subfield code="a">NET journal.
         [No. 227], New man on campus.</marc:subfield>
      </marc:datafield>
      <marc:datafield tag="655" ind1=" " ind2="0">
         <marc:subfield code="a">Nonfiction television programs
         (lcgft)</marc:subfield>
         <marc:subfield code="0">http://id.loc.gov/authorities/genreForms/gf2011026425</marc:subfield>
      </marc:datafield>
      <marc:datafield tag="655" ind1=" " ind2="0">
         <marc:subfield code="a">Television interviews
         (lcgft)</marc:subfield>
         <marc:subfield code="0">http://id.loc.gov/authorities/genreForms/gf2011026662\n</marc:subfield>
      </marc:datafield>
      <marc:datafield tag="655" ind1=" " ind2="0">
         <marc:subfield code="a">Television press conferences
         (lcgft)</marc:subfield>
         <marc:subfield code="0">http://id.loc.gov/authorities/genreForms/gf2011026670</marc:subfield>
      </marc:datafield>
   </marc:record>