
   <marc:record>
      <marc:leader>      am         3u     </marc:leader>
      <marc:datafield tag="042" ind1=" " ind2=" ">
         <marc:subfield code="a">dc</marc:subfield>
      </marc:datafield>
      <marc:datafield tag="720" ind1=" " ind2=" ">
         <marc:subfield code="a">National Educational Television and Radio Center</marc:subfield>
         <marc:subfield code="e">Broadcaster</marc:subfield>
         <marc:subfield code="0">http://id.loc.gov/authorities/names/n80050382</marc:subfield>
      </marc:datafield>
      <marc:datafield tag="720" ind1=" " ind2=" ">
         <marc:subfield code="a">Langella, Frank</marc:subfield>
         <marc:subfield code="e">Cast/Actor</marc:subfield>
         <marc:subfield code="0">http://id.loc.gov/authorities/names/n90675215</marc:subfield>
      </marc:datafield>
      <marc:datafield tag="720" ind1=" " ind2=" ">
         <marc:subfield code="a">Browne,
         Roscoe Lee</marc:subfield>
         <marc:subfield code="e">Cast/Actor</marc:subfield>
         <marc:subfield code="0">http://id.loc.gov/authorities/names/n82224979</marc:subfield>
      </marc:datafield>
      <marc:datafield tag="720" ind1=" " ind2=" ">
         <marc:subfield code="a">WNDT</marc:subfield>
         <marc:subfield code="e">Cooperation/Association</marc:subfield>
         <marc:subfield code="0">http://id.loc.gov/authorities/names/no99023545</marc:subfield>
      </marc:datafield>
      <marc:datafield tag="720" ind1=" " ind2=" ">
         <marc:subfield code="a">American
         Place Theatre (Organization)</marc:subfield>
         <marc:subfield code="e">Performer</marc:subfield>
         <marc:subfield code="0">http://id.loc.gov/authorities/names/n2009012226</marc:subfield>
      </marc:datafield>
      <marc:datafield tag="720" ind1=" " ind2=" ">
         <marc:subfield code="a">Ryland, Jack.</marc:subfield>
         <marc:subfield code="e">Cast/Actor</marc:subfield>
      </marc:datafield>
      <marc:datafield tag="720" ind1=" " ind2=" ">
         <marc:subfield code="a">Wyner,
         Yehudi</marc:subfield>
         <marc:subfield code="e">Music</marc:subfield>
         <marc:subfield code="0">http://id.loc.gov/authorities/names/n82105352</marc:subfield>
      </marc:datafield>
      <marc:datafield tag="720" ind1=" " ind2=" ">
         <marc:subfield code="a">Gurlitz, Eugene</marc:subfield>
         <marc:subfield code="e">Set Designer/Set Decorator</marc:subfield>
      </marc:datafield>
      <marc:datafield tag="720" ind1=" " ind2=" ">
         <marc:subfield code="a">Rawlins, Lester</marc:subfield>
         <marc:subfield code="e">Cast/Actor</marc:subfield>
         <marc:subfield code="0">http://id.loc.gov/authorities/names/nr00000681</marc:subfield>
      </marc:datafield>
      <marc:datafield tag="720" ind1=" " ind2=" ">
         <marc:subfield code="a">Lowell, Robert,
         1917-1977</marc:subfield>
         <marc:subfield code="e">Writer</marc:subfield>
         <marc:subfield code="0">http://id.loc.gov/authorities/names/n2001020653</marc:subfield>
      </marc:datafield>
      <marc:datafield tag="720" ind1=" " ind2=" ">
         <marc:subfield code="a">Browning,
         Kirk</marc:subfield>
         <marc:subfield code="e">Director</marc:subfield>
         <marc:subfield code="0">http://id.loc.gov/authorities/names/n87911756</marc:subfield>
      </marc:datafield>
      <marc:datafield tag="720" ind1=" " ind2=" ">
         <marc:subfield code="a">Melville, Herman</marc:subfield>
         <marc:subfield code="e">Author/Based on</marc:subfield>
         <marc:subfield code="0">http://id.loc.gov/authorities/names/n79006936</marc:subfield>
      </marc:datafield>
      <marc:datafield tag="720" ind1=" " ind2=" ">
         <marc:subfield code="a">Miller,
         Allan, 1929</marc:subfield>
         <marc:subfield code="e">Producer</marc:subfield>
         <marc:subfield code="0">http://id.loc.gov/authorities/names/n82125946</marc:subfield>
      </marc:datafield>
      <marc:datafield tag="720" ind1=" " ind2=" ">
         <marc:subfield code="a">Howard, Brice</marc:subfield>
         <marc:subfield code="e">Executive Producer</marc:subfield>
         <marc:subfield code="0">http://id.loc.gov/authorities/names/no99071769</marc:subfield>
      </marc:datafield>
      <marc:datafield tag="260" ind1=" " ind2=" ">
         <marc:subfield code="c">1965</marc:subfield>
      </marc:datafield>
      <marc:datafield tag="260" ind1=" " ind2=" ">
         <marc:subfield code="c">1965-10-15</marc:subfield>
      </marc:datafield>
      <marc:datafield tag="520" ind1=" " ind2=" ">
         <marc:subfield code="a">From NET microfiche, file F: The full-length play, the third in a trilogy by
         Robert Lowell marks the first of several forthcoming original NET-produced dramas.
         Featuring the original cast of the American Place Theater, this suspenseful and critical
         social dramatization of American attitudes towards race and class consciousness is set in
         the early Nineteenth Century abroad a Spanish ship. The protagonists include Lester
         Rawlins, Frank Langella, Roscoe Lee Browns, Jack Ryland, Michael Schultz, and Lane E.
         Lloyd. Brice Howard is executive producer. From NET microfiche, file O: "Benito Cereno," a
         full length play, is the third in a trilogy, "The Old Glory," by Pulitzer Prize-winning
         poet Robert Lowell. Adapted by Mr. Lowell from a Herman Melville novella, "Benito Cereno"
         is a work of deep historical and philosophical implication, particularly with respect to
         American race and class consciousness. The NET production of this literary masterpiece
         features the cast of the original stage production by the American Place Theater. The
         Story: Captain Amasa Delano, an American sea captain, harbored on his ship "The President
         Adams," comes across a drifting vessel. On mounting its deck, he meets its Spanish captain,
         Benito Cereno, and his obsequious and cunning servant, Babu. Delano, engagingly benign and
         blusteringly awkward, is taken in by the story that the ship's plight (a missing crew of
         Spaniards for one thing) was caused by disasters such as calms and plagues. Inexorably, it
         develops that the Spanish vessel is a slave ship upon which the African slaves have
         rebelled and compelled the captain to do their bidding. With great poetic and dramatic
         grandeur Mr. Lowell conveys all the horror of the strange events abroad the drifting ship,
         and how they affect the New England captain and his bos'n who try to set things right - to
         their final act of massacring the slaves. The play ends on a surprising - and prophetic -
         note. The Author: Robert Lowell, outstanding American poet, was a Guggenheim Fellow and
         Consultant in Poetry, Library in Congress, 1947-48; Winner of the Pulitzer Prize and
         American Academy of Arts and Letters Prize, 1947; and winner of the National Book Award in
         1959. "The Old Glory" is his first dramatic work and was critically acclaimed: "The play
         was poet Robert Lowell's first  but the light that rose from both occasion and drama
         spread far beyond the modest auditorium." (Richard Gilman of "Newsweek" after opening
         night) "Using Herman Melville's novella as his source, Mr. Lowell has employed a
         hard-hitting realistic style to create a work that at the end achieves tragic size."
         (Howard Taubman in the "New York Times") "The serious American theater, in desperate need,
         should give a prayer of thanks for the great gift of Robert Lowell." (Lillian Hellman) The
         Cast: The cast in this NET production is the original stage cast of the American Place
         Theater, a non-profit, church-based organization conceived"  to offer a place, a staff and
         a broad program of practical work to American writers of stature: our poets, novelists, and
         philosophers who wish to use the dramatic form. "Benito Cereno" is the first example of
         their intentions. Captain Delano - Lester Rawlins Benito Cereno - Frank Langella Babu -
         Roscoe Lee Browne Perkins - Jack Ryland Francesco - Michael Schultz Atufal - Lane E. Lloyd
         American Sailors: Luke Andreas Thomas Denver John Kilb Richard Kjelland Roger Morden Negro
         Slaves: June Brown Ernest Baxter Ethan Courtney Nawana Davis Elizabeth Dunn Herman
         Fitzgerald Gene Forman Mary Foreman Nick La tour Fischer A. Patterson Aston Young Spanish
         Sailors: Howard Martin Jerry Matz Bill Tynan NET Credits: THE OLD GLORY: BENITO CERENO was
         produced in 1965 by National Educational Television in association with Station
         WNDT/Channel 13, New York Producer: Allan Miller. Executive Producer: Brice Howard.
         Director: Kirk Browning. Sets: Eugene Gurlitz. Music by Yehudi Wyner and costume by Willa
         Kim and costumes by Willa Kim, from the original stage production.</marc:subfield>
      </marc:datafield>
      <marc:datafield tag="337" ind1=" " ind2=" ">
         <marc:subfield code="a">Moving Image</marc:subfield>
         <marc:subfield code="2">MAVIS media type controlled vocabulary</marc:subfield>
      </marc:datafield>
      <marc:datafield tag="024" ind1="8" ind2=" ">
         <marc:subfield code="a">2413134</marc:subfield>
         <marc:subfield code="2">MAVIS Title Number</marc:subfield>
      </marc:datafield>
      <marc:datafield tag="024" ind1="8" ind2=" ">
         <marc:subfield code="a">OGBC</marc:subfield>
         <marc:subfield code="2">NET/PBS NOLA</marc:subfield>
      </marc:datafield>
      <marc:datafield tag="024" ind1="8" ind2=" ">
         <marc:subfield code="a">0</marc:subfield>
         <marc:subfield code="2">NET/PBS number</marc:subfield>
      </marc:datafield>
      <marc:datafield tag="546" ind1=" " ind2=" ">
         <marc:subfield code="a">English</marc:subfield>
      </marc:datafield>
      <marc:datafield tag="653" ind1=" " ind2=" ">
         <marc:subfield code="a">Sailors</marc:subfield>
         <marc:subfield code="0">http://id.loc.gov/authorities/subjects/sh85119329</marc:subfield>
      </marc:datafield>
      <marc:datafield tag="653" ind1=" " ind2=" ">
         <marc:subfield code="a">Slave trade</marc:subfield>
         <marc:subfield code="0">http://id.loc.gov/authorities/subjects/sh85123311</marc:subfield>
      </marc:datafield>
      <marc:datafield tag="245" ind1="0" ind2="0">
         <marc:subfield code="a">The old glory--Benito Cereno.</marc:subfield>
         <marc:subfield code="b">National Educational Television ; in
         association with WNDT/Channel 13, New York ; executive producer, Brice Howard ; producer,
         Allan Miller ; director; Kirk Browning ; [by] Robert Lowell.</marc:subfield>
      </marc:datafield>
      <marc:datafield tag="246" ind1="3" ind2="3">
         <marc:subfield code="a">Benito Cereno.</marc:subfield>
      </marc:datafield>
      <marc:datafield tag="246" ind1="3" ind2="3">
         <marc:subfield code="a">NET playhouse. The old
         glory--Benito Cereno..</marc:subfield>
      </marc:datafield>
      <marc:datafield tag="246" ind1="3" ind2="3">
         <marc:subfield code="a">Festival of the arts. The
         old glory--Benito Cereno.</marc:subfield>
      </marc:datafield>
      <marc:datafield tag="655" ind1=" " ind2="0">
         <marc:subfield code="a">Television adaptations
         (lcgft)</marc:subfield>
         <marc:subfield code="0">http://id.loc.gov/authorities/genreForms/gf2011026653\n</marc:subfield>
      </marc:datafield>
      <marc:datafield tag="655" ind1=" " ind2="0">
         <marc:subfield code="a">Fiction television programs
         (lcgft)</marc:subfield>
         <marc:subfield code="0">http://id.loc.gov/authorities/genreForms/gf2011026252\n</marc:subfield>
      </marc:datafield>
   </marc:record>