
   <marc:record>
      <marc:leader>      am         3u     </marc:leader>
      <marc:datafield tag="042" ind1=" " ind2=" ">
         <marc:subfield code="a">dc</marc:subfield>
      </marc:datafield>
      <marc:datafield tag="720" ind1=" " ind2=" ">
         <marc:subfield code="a">Jordan,
         Jim, 1896-1988</marc:subfield>
         <marc:subfield code="e">Appearing</marc:subfield>
         <marc:subfield code="0">http://id.loc.gov/authorities/names/no96052202</marc:subfield>
      </marc:datafield>
      <marc:datafield tag="720" ind1=" " ind2=" ">
         <marc:subfield code="a">Burns,
         George, 1896-1996</marc:subfield>
         <marc:subfield code="e">Appearing</marc:subfield>
         <marc:subfield code="0">http://id.loc.gov/authorities/names/n79065048</marc:subfield>
      </marc:datafield>
      <marc:datafield tag="720" ind1=" " ind2=" ">
         <marc:subfield code="a">Delmar,
         Kenny</marc:subfield>
         <marc:subfield code="e">Appearing</marc:subfield>
         <marc:subfield code="0">http://id.loc.gov/authorities/names/n80139302</marc:subfield>
      </marc:datafield>
      <marc:datafield tag="720" ind1=" " ind2=" ">
         <marc:subfield code="a">Public
         Broadcasting Service</marc:subfield>
         <marc:subfield code="e">Broadcaster</marc:subfield>
         <marc:subfield code="0">http://id.loc.gov/authorities/names/n86134532</marc:subfield>
      </marc:datafield>
      <marc:datafield tag="720" ind1=" " ind2=" ">
         <marc:subfield code="a">Crosby,
         Bing</marc:subfield>
         <marc:subfield code="e">Appearing</marc:subfield>
         <marc:subfield code="0">http://id.loc.gov/authorities/names/n50018853</marc:subfield>
      </marc:datafield>
      <marc:datafield tag="720" ind1=" " ind2=" ">
         <marc:subfield code="a">Pious, Minerva.</marc:subfield>
         <marc:subfield code="e">Appearing</marc:subfield>
      </marc:datafield>
      <marc:datafield tag="720" ind1=" " ind2=" ">
         <marc:subfield code="a">Fennelly, Parker</marc:subfield>
         <marc:subfield code="e">Appearing</marc:subfield>
         <marc:subfield code="0">http://id.loc.gov/authorities/names/no89007448</marc:subfield>
      </marc:datafield>
      <marc:datafield tag="720" ind1=" " ind2=" ">
         <marc:subfield code="a">Bergen,
         Edgar</marc:subfield>
         <marc:subfield code="e">Appearing</marc:subfield>
         <marc:subfield code="0">http://id.loc.gov/authorities/names/n85129723</marc:subfield>
      </marc:datafield>
      <marc:datafield tag="720" ind1=" " ind2=" ">
         <marc:subfield code="a">Benny,
         Jack</marc:subfield>
         <marc:subfield code="e">Appearing</marc:subfield>
         <marc:subfield code="0">http://id.loc.gov/authorities/names/n50007182</marc:subfield>
      </marc:datafield>
      <marc:datafield tag="720" ind1=" " ind2=" ">
         <marc:subfield code="a">Adato, Perry
         Miller</marc:subfield>
         <marc:subfield code="e">Producer</marc:subfield>
         <marc:subfield code="0">http://id.loc.gov/authorities/names/n85378425</marc:subfield>
      </marc:datafield>
      <marc:datafield tag="720" ind1=" " ind2=" ">
         <marc:subfield code="a">Adato, Perry
         Miller</marc:subfield>
         <marc:subfield code="e">Director</marc:subfield>
         <marc:subfield code="0">http://id.loc.gov/authorities/names/n85378425</marc:subfield>
      </marc:datafield>
      <marc:datafield tag="720" ind1=" " ind2=" ">
         <marc:subfield code="a">WNET (Television station : New York, N.Y.)</marc:subfield>
         <marc:subfield code="e">Production Company</marc:subfield>
         <marc:subfield code="0">http://id.loc.gov/authorities/names/n80014556</marc:subfield>
      </marc:datafield>
      <marc:datafield tag="720" ind1=" " ind2=" ">
         <marc:subfield code="a">Venza, Jac</marc:subfield>
         <marc:subfield code="e">Executive Producer</marc:subfield>
         <marc:subfield code="0">http://id.loc.gov/authorities/names/no93017967</marc:subfield>
      </marc:datafield>
      <marc:datafield tag="260" ind1=" " ind2=" ">
         <marc:subfield code="c">1972-5-5</marc:subfield>
      </marc:datafield>
      <marc:datafield tag="520" ind1=" " ind2=" ">
         <marc:subfield code="a">From NET microfiche (G): Program Description: The great comedians who made
         radio the top entertainment medium of the forties relive many of comedy's classic moments
         in this exploration of what producer-director Perry Miller Adato calls "the great lost art
         of radio comedy." Appearing in segments filmed especially for this program are Jack Benny,
         George Burns, Edgar Bergen and Charlie McCarthy, Bing Crosby, and Jim (Fibber McGee)
         Jordan, as well as Fred Allen's old "Allen's Alley gang, with Kenny Delmar as Senator
         Claghorn, Minerva Pious as Mrs. Nussbaum, Parker Fennelly as Titus Moody, and Peter Donald
         as Ajax Cassidy. In addition, old footage, sound tapes, and stills-some of which are quite
         rare-offer remembrances of late performers such as Gracie Allen, Marian (Molly McGee)
         Jordan, W.C. Fields, Fannie Brice, Eddie Cantor, and many others. "It's a show about the
         development and technique of the great lost art of radio comedy, and the story is told by
         the people who created this form of entertainment-the comedians themselves," says Mrs.
         Adato, whose WNET credits include such acclaimed programs as the Emmy-winning "Dylan
         Thomas: The World I Breathe" and "Gertrude Stein: When This You See, Remember Me." The
         stars of this show reconstruct the development of radio comedy out of vaudeville,
         explaining aspects of their own styles and techniques as well as those of others. With the
         audience they listen to tapes of many of the most memorable moments in American comedy.
         Example: Jack Benny explains how he became known as an absurd miser, after his traumatic
         encounter with a mugger: Thug - "Your money of your life!....I said your money or your
         life!!!" Benny-"I'm thinking it over!" Other memorable moments will be: skirmishes in the
         war between Jack Benny and Fred Allen; Benny's momentous descent into his vault, deep
         beneath the city of Los Angeles; Charlie McCarthy's insult-matches with Hollywood stars; an
         exasperating visit to the Fibber McGee home by Mayor Latrivia; and many of the daffy George
         Burns and Gracie Allen circumlocutions. An "Allen's Alley" skit with a script written
         especially for this show by one of Fred Allen's writers from the forties, Harry Bailey,
         will also be presented. The voice of Fred Allen is impersonated by Al Berney. (Below is a
         suggested program guide article for May. Appropriate art will follow.) OUT OF THE MOUTHS OF
         DUMMIES Charlie McCarthy Helps Public Television Explore the Golden Era of Radio - With
         Edgar Bergen's Aid by Bob Rumerman Charlie McCarthy, now the world's wealthiest dummy,
         remembers a day in the 40s when he got fed up with his 75-cents-a-week salary and decided
         to leave Edgar Bergen for a better-paying ventriloquist. Charlie went off to join "The
         Great Rudolph," but a few days later Edgar received a hurried call for help: "Hello, this
         is Charlie. I'm across the street where the hock shop is." "Oh - you're in front to of the
         hock shop?" "No, I'm in it. The Great Rudolph hocked me." Edgar graciously went to rescue
         his old pal, and for good reason. Together they had one of the most popular radio programs
         of all times and much of the credit belonged to Charlie--whose keen with and rich
         personality led many radio listeners of the 30s and 40s to believe that he was a real
         person. Edgar Bergen's success on radio was, in fact, an enigma to many who disparaged the
         idea of a ventriloquist on radio, where no one could see his art. But Bergen's success
         proved two things; that he was more than just a ventriloquist; and that the vast appeal of
         radio rested on its ability to prod the listener's imagination. This abiding memory of
         radio's great years has stirred the interest of Emmy-winning WNET producer Perry Miller
         Adato ("Dylan Thomas: The World I Breathe," "Gertrude Stein: When This You See, Remember
         Me"). She is now undertaking an idea new to television - a show about radio, exploring the
         years when radio was at its height and the voices of America's greatest entertainers held
         millions captive each night. The show, with such stars as Edgar Bergen, Jack Benny, George
         Burns, Jim Jordan (Fibber McGee), and others will be seen on a new series titled "Playhouse
         New York - the 40's" over the Public Broadcasting Service. To produce the show, Perry
         visited Edgar Bergen's West Hollywood home recently and briefly converted his living room
         into a film set. As he waited, Bergen, who's now preparing to re-enter show business,
         combined a performer's keen anticipation with the good-natured, easy-going mannerisms of
         everybody's favorite uncle. A look of relish came over his face when it was time to fetch
         Charlie from his special trunk. "Maybe it's because they couldn't see him, but many people
         just weren't sure he was a dummy," said Bergen, with a sense of wonder that was still
         fresh. "For years I got mail asking if I were really speaking for both of us." Bergen's
         success on radio established a whole new dimension for the art of ventriloquism. On radio
         the traditional talents of voice-throwing and suppressed lip movement became unimportant;
         what really counted was Bergen's ability to give the unseen Charlie a human character--one
         that people not only laughed at but believed in. With Charlie on his knee, Bergen and his
         friend reminisced together. They recalled how Charlie used to receive his own fan letters,
         which were answered on Charlie's own stationery, bearing the McCarthy clan crest. "And do
         you remember your family tree?" Edgar asked. "Sure," said Charlie, his head making that
         lovable 90-degree pivot while the rest of him hung limp, "it was oakie dokie-but a little
         shady." Bergen and McCarthy were a vaudeville act for 10 years before they made their radio
         debut as guests on Rudy Vallee's show in 1936. They were an instant hit and were invited
         for a 13-week run. Their own show began in May of 1937, with guests such as Don Ameche,
         Dorothy Lamour, and Bergen's all-time favorite, W.C. Fields. "Fields was such a wonderful
         character because he was a harmless villain, he had this synthetic hate that you could see
         right through," Bergen said. Then he didn't really hate children? "Of course not. Fields
         only hated phonies - and Hollywood was full of them." The trading of insults between
         Charlie and Fields, and in fact, between Charlie and many of the guests became one of the
         most popular aspects of the show. ("Is that your nose, Mr. Fields, or are you eating a
         tomato?") Here again, Charlie's personality played a very special role. "I could say things
         through Charlie that I could never say myself," Bergen pointed out, adding however, that
         "Charlie had to be punished whenever he was bad." Bergen and McCarthy found each other
         during Edgar's senior year in high school in Decatur, Michigan. Bergen recalls how in his
         school years he was always mimicking things. Then one day I imitated a distant voice and my
         mother went to see who was outside. That's when I knew I had something." After investing 35
         cents in the "Wizard's Manual," Bergen began perfecting his art. He fashioned a dummy
         figure out of papier-mch, "but it had no character. So one day I sketched the face of an
         Irish newsboy I'd seen in the street." That sketch was the birth of Charlie McCarthy.
         Eventually, like the other great vaudevillians-turned-radio comics, Bergen (and Charlie)
         made the necessary move to television. Recently he has been making an occasional club
         appearance and is preparing a comeback. "I tried retiring, but it proved to be the most
         difficult thing I've ever done," he said. As for the still unsettled question of people
         confusing Charlie's identity, a little further insight can be gleaned from a story Bergen
         tells about his daughter, actress Candice Bergen, when she was a girl of only three. "She
         would sit on one knee, Charlie on the other, and they would have running conversations with
         each other. But I got to thinking, either I'm a great ventriloquist or my daughter's a
         little stupid. So I pressed my luck one time and said to Candy: "'Isn't it wonderful how
         Charlie can talk?'" "'Yes, daddy,'" answered Candy, "'but you do move your lips a
         little.'"</marc:subfield>
      </marc:datafield>
      <marc:datafield tag="337" ind1=" " ind2=" ">
         <marc:subfield code="a">Moving Image</marc:subfield>
         <marc:subfield code="2">MAVIS media type controlled vocabulary</marc:subfield>
      </marc:datafield>
      <marc:datafield tag="024" ind1="8" ind2=" ">
         <marc:subfield code="a">2478233</marc:subfield>
         <marc:subfield code="2">MAVIS Title Number</marc:subfield>
      </marc:datafield>
      <marc:datafield tag="546" ind1=" " ind2=" ">
         <marc:subfield code="a">English</marc:subfield>
      </marc:datafield>
      <marc:datafield tag="787" ind1="0" ind2=" ">
         <marc:subfield code="w">2164437</marc:subfield>
         <marc:subfield code="n">MAVIS id number</marc:subfield>
      </marc:datafield>
      <marc:datafield tag="787" ind1="0" ind2=" ">
         <marc:subfield code="w">1218057</marc:subfield>
         <marc:subfield code="n">MAVIS id number</marc:subfield>
      </marc:datafield>
      <marc:datafield tag="653" ind1=" " ind2=" ">
         <marc:subfield code="a"/>
      </marc:datafield>
      <marc:datafield tag="653" ind1=" " ind2=" ">
         <marc:subfield code="a">Vaudeville</marc:subfield>
         <marc:subfield code="0">http://id.loc.gov/authorities/subjects/sh85142419</marc:subfield>
      </marc:datafield>
      <marc:datafield tag="653" ind1=" " ind2=" ">
         <marc:subfield code="a">Comedians</marc:subfield>
         <marc:subfield code="0">http://id.loc.gov/authorities/subjects/sh85028844</marc:subfield>
      </marc:datafield>
      <marc:datafield tag="245" ind1="0" ind2="0">
         <marc:subfield code="a">Playhouse New York--The 40s. The great radio
         comedians.</marc:subfield>
         <marc:subfield code="b">a production of the national programming
         division of WNET/13 ; produced and directed by Perry Miller Adato ; Playhouse New York
         executive producer, Jac Venza.</marc:subfield>
      </marc:datafield>
      <marc:datafield tag="246" ind1="3" ind2="3">
         <marc:subfield code="a">The great radio comedians.</marc:subfield>
      </marc:datafield>
      <marc:datafield tag="246" ind1="3" ind2="3">
         <marc:subfield code="a">The 40s. The great radio
         comedians.</marc:subfield>
      </marc:datafield>
      <marc:datafield tag="246" ind1="3" ind2="3">
         <marc:subfield code="a">NET playhouse. The great radio
         comedians.</marc:subfield>
      </marc:datafield>
      <marc:datafield tag="246" ind1="3" ind2="3">
         <marc:subfield code="a">Playhouse New York--The forties. The great radio
         comedians.</marc:subfield>
      </marc:datafield>
      <marc:datafield tag="655" ind1=" " ind2="0">
         <marc:subfield code="a">Documentary television programs
         (lcgft)</marc:subfield>
         <marc:subfield code="0">http://id.loc.gov/authorities/genreForms/gf2011026207</marc:subfield>
      </marc:datafield>
      <marc:datafield tag="655" ind1=" " ind2="0">
         <marc:subfield code="a">Nonfiction television programs
         (lcgft)</marc:subfield>
         <marc:subfield code="0">http://id.loc.gov/authorities/genreForms/gf2011026425</marc:subfield>
      </marc:datafield>
   </marc:record>