
   <marc:record>
      <marc:leader>      am         3u     </marc:leader>
      <marc:datafield tag="042" ind1=" " ind2=" ">
         <marc:subfield code="a">dc</marc:subfield>
      </marc:datafield>
      <marc:datafield tag="720" ind1=" " ind2=" ">
         <marc:subfield code="a">WNET
         New York Public Media</marc:subfield>
         <marc:subfield code="e">Broadcaster</marc:subfield>
         <marc:subfield code="0">http://id.loc.gov/authorities/names/no2012006279</marc:subfield>
      </marc:datafield>
      <marc:datafield tag="520" ind1=" " ind2=" ">
         <marc:subfield code="a">The Great Radio Comedians revives some unforgettable radio moments for
         example: the Jack Benny Show segment where a hold-up man says to the famously stingy Jack
         Benny: Your money or your life! long pauseI said your money or your life!pause Benny: Im
         thinking it over! Shared coast to coast, this exchange became a favorite joke in every
         household across America. In the Forties, Radio played the part in American life now played
         by television, video games and the internet combined. Radio was the first mass-media news
         and entertainment form that created a common experience, shared by people of all social
         classes. And of all the programs on the airwaves, it was the great radio comedians that
         captured the hearts and the ears of millions of listeners. How does one do a television
         program about an audio medium, radio? With luck, some imagination and unprecedented
         cooperation from its subjects, the comedians themselves. In 1972, some of the greatest
         stars of radio agreed to appear on-camera to talk about their days in radio and to comment
         on audio excerpts from their original programs. Each introduces clips from short movies
         shot during the 1940s that mirrored their radio comedy routines: George Burns, (The Burns
         and Allen Show), Jack Benny (The Jack Benny Show), Edgar Bergen, (Edgar Bergen and Charlie
         McCarthy), Jim Jordan (Fibber McGee and Molly). Members of the original Allens Alley cast
         remember Fred Allen and perform a contemporary re-creation of their Allens Alley routines.
         Bing Crosby remembers Bob Hope as star in vaudeville and radio before their memorable
         motion picture collaborations. All shared vintage photos from their personal collections.
         Some surprises include this moment: during our interview, famous ventriloquist Edgar Bergen
         unearths his feisty dummy, Charlie McCarthy and on-camera they perform a typical
         Bergen-McCarthy routine. In our research we asked people: What did you look at while
         listening to the radio? Most answered We looked at the radio. With this as cue, we filmed
         the reactions on faces of these great radio comedians as each listened to a recording of
         one of his old programs coming from a vintage radio. But The Great Radio Comedians is not a
         nostalgia trip; it is an in-depth look at an important and influential popular art form. In
         their close-up interviews, these performers go beyond nostalgia, giving penetrating
         analyses of their own comedy, what worked, what didnt and why. They describe the evolution
         of their radio characters and their jokes as years passed and times changed. When
         television arrived, each made a successful transition, becoming early stars of the new
         medium. These radio comedy shows created the basic form of most contemporary comedy on
         television. And you know what? The old jokes are still very funny.</marc:subfield>
      </marc:datafield>
      <marc:datafield tag="337" ind1=" " ind2=" ">
         <marc:subfield code="a">Moving Image</marc:subfield>
         <marc:subfield code="2">MAVIS media type controlled vocabulary</marc:subfield>
      </marc:datafield>
      <marc:datafield tag="024" ind1="8" ind2=" ">
         <marc:subfield code="a">2164437</marc:subfield>
         <marc:subfield code="2">MAVIS Title Number</marc:subfield>
      </marc:datafield>
      <marc:datafield tag="024" ind1="8" ind2=" ">
         <marc:subfield code="a">cpb-aacip/62-7940r9mf6q</marc:subfield>
         <marc:subfield code="2">American Archive GUID</marc:subfield>
      </marc:datafield>
      <marc:datafield tag="024" ind1="8" ind2=" ">
         <marc:subfield code="a">WNET Production File Name: PMAAP_04.1972_Great
         Radio</marc:subfield>
         <marc:subfield code="2">Original Control No.</marc:subfield>
      </marc:datafield>
      <marc:datafield tag="024" ind1="8" ind2=" ">
         <marc:subfield code="a">Sony Ci:
         f417c450d7b344c48875d93004ec772b</marc:subfield>
         <marc:subfield code="2">Original Control No.</marc:subfield>
      </marc:datafield>
      <marc:datafield tag="546" ind1=" " ind2=" ">
         <marc:subfield code="a">English</marc:subfield>
      </marc:datafield>
      <marc:datafield tag="787" ind1="0" ind2=" ">
         <marc:subfield code="w">2478233</marc:subfield>
         <marc:subfield code="n">MAVIS id number</marc:subfield>
      </marc:datafield>
      <marc:datafield tag="245" ind1="0" ind2="0">
         <marc:subfield code="a">The Great Radio Comedians</marc:subfield>
      </marc:datafield>
   </marc:record>