
   <marc:record>
      <marc:leader>      am         3u     </marc:leader>
      <marc:datafield tag="042" ind1=" " ind2=" ">
         <marc:subfield code="a">dc</marc:subfield>
      </marc:datafield>
      <marc:datafield tag="720" ind1=" " ind2=" ">
         <marc:subfield code="a"/>
         <marc:subfield code="e">Participant</marc:subfield>
      </marc:datafield>
      <marc:datafield tag="720" ind1=" " ind2=" ">
         <marc:subfield code="a">Gilbert, Dave</marc:subfield>
         <marc:subfield code="e">Host</marc:subfield>
      </marc:datafield>
      <marc:datafield tag="720" ind1=" " ind2=" ">
         <marc:subfield code="a">Bauman, Edward W.</marc:subfield>
         <marc:subfield code="e">Participant</marc:subfield>
         <marc:subfield code="0">http://id.loc.gov/authorities/names/n81035548</marc:subfield>
      </marc:datafield>
      <marc:datafield tag="720" ind1=" " ind2=" ">
         <marc:subfield code="a">Weston, William</marc:subfield>
         <marc:subfield code="e">Producer</marc:subfield>
      </marc:datafield>
      <marc:datafield tag="720" ind1=" " ind2=" ">
         <marc:subfield code="a">KLRN (Television station : San Antonio, Tex.)</marc:subfield>
         <marc:subfield code="e">Production Company</marc:subfield>
         <marc:subfield code="0">http://id.loc.gov/authorities/names/nr96007345</marc:subfield>
      </marc:datafield>
      <marc:datafield tag="720" ind1=" " ind2=" ">
         <marc:subfield code="a">Kaderli, Liz</marc:subfield>
         <marc:subfield code="e">Producer</marc:subfield>
      </marc:datafield>
      <marc:datafield tag="720" ind1=" " ind2=" ">
         <marc:subfield code="a">Peterson, Richard</marc:subfield>
         <marc:subfield code="e">Director</marc:subfield>
      </marc:datafield>
      <marc:datafield tag="260" ind1=" " ind2=" ">
         <marc:subfield code="c">1970-9-7</marc:subfield>
      </marc:datafield>
      <marc:datafield tag="520" ind1=" " ind2=" ">
         <marc:subfield code="a">From NET microfiche, file F: "Is Atheism the Religion of the Future?" is the
         topic of a debate between Mrs. Madalyn Murry O'Hair, an atheist whose lawsuit in Maryland
         led to the US Supreme Court's controversial decision to ban compulsory prayers in public
         schools, and Dr. Edward Bauman, a progressive theologian and pastor of the Foundry
         Methodist Church in Washington, DC. Dave Gilbert is host. The question -- whether atheism
         is the religion of the future -- is never quite answered in this debate because of the
         semantic disagreement on the definition of "religion" between the two debaters. Dr. Bauman
         contends that Mrs. O'Hair does, in fact, believe in religion because "that which is of
         ultimate concern to her is her God." Mrs. O'Hair answers, "I'm not at all interested in
         having an ultimate concern." Dr. Bauman concedes later in the discussion that the Christian
         Church is in decline. He says, "Religion is being very definitely secularized. If you mean
         the institution, the smell of death is everywhere, and I believe it's the work of God
         himself," who, he says, will destroy the Church and re-create it in a different form. Mrs.
         O'Hair levels some sharp attacks against the "Judeo-Christian Religion" and against Christ
         himself. "The essence of Christianity is intolerance of another opinion," she asserts. "We
         believe that religion is a private affair. But they (Christians) do not have the right to
         move up in the culture and saturate the culture." Appraising Christ, she says, "This man
         never talked once of the love of a woman; he never talked once about beauty. He never once
         used the word justice. This was a horrendous man; a despicable man." Dr. Bauman's rebuttal
         is, "You must be reading a different bible." To her attacks on the "intolerance" of
         Christians, he responds, "When Mrs. O'Hair lumps all Christians together ... she is being
         as intolerant as she is accusing Christians of being." To a member of the studio audience,
         who speaks of the satisfaction of "surrendering yourself to God," Mrs. O'Hair retorts, "Do
         not surrender your mind to someone else. Do not surrender your thoughts to someone else. Do
         not surrender your freedom. I'm surprised at you, young man!"</marc:subfield>
      </marc:datafield>
      <marc:datafield tag="337" ind1=" " ind2=" ">
         <marc:subfield code="a">Moving Image</marc:subfield>
         <marc:subfield code="2">MAVIS media type controlled vocabulary</marc:subfield>
      </marc:datafield>
      <marc:datafield tag="024" ind1="8" ind2=" ">
         <marc:subfield code="a">2310016</marc:subfield>
         <marc:subfield code="2">MAVIS Title Number</marc:subfield>
      </marc:datafield>
      <marc:datafield tag="024" ind1="8" ind2=" ">
         <marc:subfield code="a">RLTS</marc:subfield>
         <marc:subfield code="2">NET/PBS NOLA</marc:subfield>
      </marc:datafield>
      <marc:datafield tag="024" ind1="8" ind2=" ">
         <marc:subfield code="a">20</marc:subfield>
         <marc:subfield code="2">NET/PBS number</marc:subfield>
      </marc:datafield>
      <marc:datafield tag="024" ind1="8" ind2=" ">
         <marc:subfield code="a">286?</marc:subfield>
         <marc:subfield code="2">NET/PBS number</marc:subfield>
      </marc:datafield>
      <marc:datafield tag="024" ind1="8" ind2=" ">
         <marc:subfield code="a">16?</marc:subfield>
         <marc:subfield code="2">NET/PBS number</marc:subfield>
      </marc:datafield>
      <marc:datafield tag="546" ind1=" " ind2=" ">
         <marc:subfield code="a">English</marc:subfield>
      </marc:datafield>
      <marc:datafield tag="653" ind1=" " ind2=" ">
         <marc:subfield code="a">Religion</marc:subfield>
         <marc:subfield code="0">http://id.loc.gov/authorities/subjects/sh85112549</marc:subfield>
      </marc:datafield>
      <marc:datafield tag="653" ind1=" " ind2=" ">
         <marc:subfield code="a">Atheism</marc:subfield>
         <marc:subfield code="0">http://id.loc.gov/authorities/subjects/sh85009109</marc:subfield>
      </marc:datafield>
      <marc:datafield tag="245" ind1="0" ind2="0">
         <marc:subfield code="a">Realities. Face to face. Madalyn Murray O'Hair vs. Ed
         Bauman.</marc:subfield>
         <marc:subfield code="b">KLRN ; NET presentation ; producer, Liz
         Kaderli ; assistant producer, Georgie Gipson ; NET producer, William Weston ; director,
         Richard Peterson.</marc:subfield>
      </marc:datafield>
      <marc:datafield tag="246" ind1="3" ind2="3">
         <marc:subfield code="a">Madalyn Murray O'Hair vs. Ed
         Bauman.</marc:subfield>
      </marc:datafield>
      <marc:datafield tag="246" ind1="3" ind2="3">
         <marc:subfield code="a">Face to face. Madalyn
         Murray O'Hair vs. Ed Bauman.</marc:subfield>
      </marc:datafield>
      <marc:datafield tag="246" ind1="3" ind2="3">
         <marc:subfield code="a">NET journal #286. Face to
         face--Madalyn Murray O'Hair vs. Ed Bauman.</marc:subfield>
      </marc:datafield>
      <marc:datafield tag="246" ind1="3" ind2="3">
         <marc:subfield code="a">Realities. [No.
         16], Face to face. Madalyn Murray O'Hair vs. Ed Bauman.</marc:subfield>
      </marc:datafield>
      <marc:datafield tag="246" ind1="3" ind2="3">
         <marc:subfield code="a">Realities. No. 20. Face to Face:
         Madalyn Murray O'Hair vs. Ed Bauman.</marc:subfield>
      </marc:datafield>
      <marc:datafield tag="246" ind1="3" ind2="3">
         <marc:subfield code="a">Realities. [No. 20], Face to face. Madalyn Murray
         O'Hair vs. Ed Bauman.</marc:subfield>
      </marc:datafield>
      <marc:datafield tag="655" ind1=" " ind2="0">
         <marc:subfield code="a">Nonfiction television programs
         (lcgft)</marc:subfield>
         <marc:subfield code="0">http://id.loc.gov/authorities/genreForms/gf2011026425</marc:subfield>
      </marc:datafield>
      <marc:datafield tag="655" ind1=" " ind2="0">
         <marc:subfield code="a">Television debates (lcgft)</marc:subfield>
         <marc:subfield code="0">http://id.loc.gov/authorities/genreForms/gf2011026660\n</marc:subfield>
      </marc:datafield>
   </marc:record>