
   <marc:record>
      <marc:leader>      am         3u     </marc:leader>
      <marc:datafield tag="042" ind1=" " ind2=" ">
         <marc:subfield code="a">dc</marc:subfield>
      </marc:datafield>
      <marc:datafield tag="720" ind1=" " ind2=" ">
         <marc:subfield code="a">Beck,
         Jackson</marc:subfield>
         <marc:subfield code="e">Narrator</marc:subfield>
         <marc:subfield code="0">http://id.loc.gov/authorities/names/n94087846</marc:subfield>
      </marc:datafield>
      <marc:datafield tag="720" ind1=" " ind2=" ">
         <marc:subfield code="a">National Educational Television and Radio Center</marc:subfield>
         <marc:subfield code="e">Broadcaster</marc:subfield>
         <marc:subfield code="0">http://id.loc.gov/authorities/names/n80050382</marc:subfield>
      </marc:datafield>
      <marc:datafield tag="720" ind1=" " ind2=" ">
         <marc:subfield code="a">National Institute of Mental Health (U.S.)</marc:subfield>
         <marc:subfield code="e">Undetermined</marc:subfield>
         <marc:subfield code="0">http://id.loc.gov/authorities/names/n79041811</marc:subfield>
      </marc:datafield>
      <marc:datafield tag="720" ind1=" " ind2=" ">
         <marc:subfield code="a">National Educational Television and Radio Center</marc:subfield>
         <marc:subfield code="e">Production Company</marc:subfield>
         <marc:subfield code="0">http://id.loc.gov/authorities/names/n80050382</marc:subfield>
      </marc:datafield>
      <marc:datafield tag="720" ind1=" " ind2=" ">
         <marc:subfield code="a">Mayer,
         Harold</marc:subfield>
         <marc:subfield code="e">Producer</marc:subfield>
         <marc:subfield code="0">http://id.loc.gov/authorities/names/no00028543</marc:subfield>
      </marc:datafield>
      <marc:datafield tag="260" ind1=" " ind2=" ">
         <marc:subfield code="c">1966-10-3</marc:subfield>
      </marc:datafield>
      <marc:datafield tag="520" ind1=" " ind2=" ">
         <marc:subfield code="a">From NET microfiche: This program is an hour-long documentary on the causes
         and research into the nature of an illness that mentally cripples one of every hundred
         persons during a lifetime. This in-depth examination of the most common mental disorder
         will bring to television viewers an insight into the life of the schizophrenic - how the
         world appears to him and how he appears to it. This program was filmed largely on location
         inside mental institutions with actual patients appearing before the cameras, a policy
         consistent with NET and producer Harold Mayer. The program explores three basic avenues of
         research: biochemical, environmental and perpetual differences between normal and
         schizophrenic persons - questioning whether the differences are causes or the effects of
         schizophrenia. A segment of the program reports on experiments employing hypnosis, in which
         a normal subject's perception is altered to induce schizophrenic-like perception. As a
         result, schizophrenic symptoms are actually shown on film as they develop under hypnosis.
         As a thread to the program, "The Shattered Mirror" follows a pretty ballet student, Rene,
         recently released form a hospital, as she tries to live with her illness and walks a
         tightrope, teetering on the edge of a relapse. "Schizophrenia: The Shattered Mirror" was
         underwritten by a grant from the National Institute of Mental Health. Among those appearing
         on the program are Dr. Lyman Wynne and Dr. James Stabeneau, both of NIMH; Dr. Humphrey
         Osmond, chief of the Neuro-Psychiatric Institute of New Jersey at Princeton; Dr. Nathan
         Kline, chief of research at Rockland State Hospital, Orangeburg, NY; Dr. Robert Heath of
         Tulane Medical School; Dr. Abram Hofer, director of psychiatric research for Saskatchewan,
         Canada; and Dr. Lawrence Kubie, psychiatric consultant to the Sheppard and Enoch Pratt
         Hospital, Towson, MD. Last season, Mr. Mayer produced for NET's "America Crisis" series
         "The Troubled Family" which The New York Times described as "absolutely perfect" and "one
         of TV's most impressive evenings." Said the New York Herald Tribune "an outstanding TV
         contribution to man's understanding of man, quietly great." NET JOURNAL: SCHIZOPHRENIA: THE
         SHATTERED MIRROR is a production of National Educational Television. Produced by: Harold
         Mayer. Narrator: Jackson Beck.</marc:subfield>
      </marc:datafield>
      <marc:datafield tag="337" ind1=" " ind2=" ">
         <marc:subfield code="a">Moving Image</marc:subfield>
         <marc:subfield code="2">MAVIS media type controlled vocabulary</marc:subfield>
      </marc:datafield>
      <marc:datafield tag="024" ind1="8" ind2=" ">
         <marc:subfield code="a">2409347</marc:subfield>
         <marc:subfield code="2">MAVIS Title Number</marc:subfield>
      </marc:datafield>
      <marc:datafield tag="024" ind1="8" ind2=" ">
         <marc:subfield code="a">SCIZ</marc:subfield>
         <marc:subfield code="2">NET/PBS NOLA</marc:subfield>
      </marc:datafield>
      <marc:datafield tag="024" ind1="8" ind2=" ">
         <marc:subfield code="a">1</marc:subfield>
         <marc:subfield code="2">NET/PBS number</marc:subfield>
      </marc:datafield>
      <marc:datafield tag="546" ind1=" " ind2=" ">
         <marc:subfield code="a">English</marc:subfield>
      </marc:datafield>
      <marc:datafield tag="653" ind1=" " ind2=" ">
         <marc:subfield code="a">Schizophrenia</marc:subfield>
         <marc:subfield code="0">http://id.loc.gov/authorities/subjects/sh85118162</marc:subfield>
      </marc:datafield>
      <marc:datafield tag="245" ind1="0" ind2="0">
         <marc:subfield code="a">Schizophrenia--the shattered mirror.</marc:subfield>
         <marc:subfield code="b">National Educational Television ; producer,
         Harold Mayer.</marc:subfield>
      </marc:datafield>
      <marc:datafield tag="246" ind1="3" ind2="3">
         <marc:subfield code="a">Shattered mirror.</marc:subfield>
      </marc:datafield>
      <marc:datafield tag="246" ind1="3" ind2="3">
         <marc:subfield code="a">NET journal.
         Schizophrenia--the shattered mirror.</marc:subfield>
      </marc:datafield>
      <marc:datafield tag="246" ind1="3" ind2="3">
         <marc:subfield code="a">Schizophrenia--the shattered mirror.
         (NET journal).</marc:subfield>
      </marc:datafield>
      <marc:datafield tag="655" ind1=" " ind2="0">
         <marc:subfield code="a">Documentary television programs
         (lcgft)</marc:subfield>
         <marc:subfield code="0">http://id.loc.gov/authorities/genreForms/gf2011026207</marc:subfield>
      </marc:datafield>
      <marc:datafield tag="655" ind1=" " ind2="0">
         <marc:subfield code="a">Medical television programs
         (lcgft)</marc:subfield>
         <marc:subfield code="0">http://id.loc.gov/authorities/genreForms/gf2011026392</marc:subfield>
      </marc:datafield>
      <marc:datafield tag="655" ind1=" " ind2="0">
         <marc:subfield code="a">Nonfiction television programs
         (lcgft)</marc:subfield>
         <marc:subfield code="0">http://id.loc.gov/authorities/genreForms/gf2011026425</marc:subfield>
      </marc:datafield>
   </marc:record>