
   <marc:record>
      <marc:leader>      am         3u     </marc:leader>
      <marc:datafield tag="042" ind1=" " ind2=" ">
         <marc:subfield code="a">dc</marc:subfield>
      </marc:datafield>
      <marc:datafield tag="720" ind1=" " ind2=" ">
         <marc:subfield code="a">National Educational Television and Radio Center</marc:subfield>
         <marc:subfield code="e">Broadcaster</marc:subfield>
         <marc:subfield code="0">http://id.loc.gov/authorities/names/n80050382</marc:subfield>
      </marc:datafield>
      <marc:datafield tag="720" ind1=" " ind2=" ">
         <marc:subfield code="a">Jacobs, Paul, 1918-1978</marc:subfield>
         <marc:subfield code="e">Participant</marc:subfield>
         <marc:subfield code="0">http://id.loc.gov/authorities/names/n79145249</marc:subfield>
      </marc:datafield>
      <marc:datafield tag="720" ind1=" " ind2=" ">
         <marc:subfield code="a">Phillips, P. Bertrand</marc:subfield>
         <marc:subfield code="e">Moderator</marc:subfield>
         <marc:subfield code="0">http://id.loc.gov/authorities/names/n81000609</marc:subfield>
      </marc:datafield>
      <marc:datafield tag="720" ind1=" " ind2=" ">
         <marc:subfield code="a">Smith,
         Lou, 1929-</marc:subfield>
         <marc:subfield code="e">Participant</marc:subfield>
         <marc:subfield code="0">http://id.loc.gov/authorities/names/n50013293</marc:subfield>
      </marc:datafield>
      <marc:datafield tag="720" ind1=" " ind2=" ">
         <marc:subfield code="a">Saltzman, Murray</marc:subfield>
         <marc:subfield code="e">Participant</marc:subfield>
         <marc:subfield code="0">http://id.loc.gov/authorities/names/n2012046531</marc:subfield>
      </marc:datafield>
      <marc:datafield tag="720" ind1=" " ind2=" ">
         <marc:subfield code="a">Seashore, Charles N.</marc:subfield>
         <marc:subfield code="e">Moderator</marc:subfield>
         <marc:subfield code="0">http://id.loc.gov/authorities/names/no92031397</marc:subfield>
      </marc:datafield>
      <marc:datafield tag="720" ind1=" " ind2=" ">
         <marc:subfield code="a">Hatchett, John F.</marc:subfield>
         <marc:subfield code="e">Participant</marc:subfield>
         <marc:subfield code="0">http://id.loc.gov/authorities/names/n79075096</marc:subfield>
      </marc:datafield>
      <marc:datafield tag="720" ind1=" " ind2=" ">
         <marc:subfield code="a">National Educational Television and Radio Center</marc:subfield>
         <marc:subfield code="e">Production Company</marc:subfield>
         <marc:subfield code="0">http://id.loc.gov/authorities/names/n80050382</marc:subfield>
      </marc:datafield>
      <marc:datafield tag="720" ind1=" " ind2=" ">
         <marc:subfield code="a">Jones, Edward Magruder</marc:subfield>
         <marc:subfield code="e">Producer</marc:subfield>
      </marc:datafield>
      <marc:datafield tag="720" ind1=" " ind2=" ">
         <marc:subfield code="a">Willis, Jack (Film producer)</marc:subfield>
         <marc:subfield code="e">Executive Producer</marc:subfield>
         <marc:subfield code="0">http://id.loc.gov/authorities/names/no2014141177</marc:subfield>
      </marc:datafield>
      <marc:datafield tag="260" ind1=" " ind2=" ">
         <marc:subfield code="c">1969-3-10</marc:subfield>
      </marc:datafield>
      <marc:datafield tag="520" ind1=" " ind2=" ">
         <marc:subfield code="a">From NET microfiche: This two-hour experiment in group dynamics has been
         extracted form an 11-hour dialogue organized by NET in light of the growing issues of black
         anti-Semitism and Jewish racism. The program attempts to use television as a medium through
         which dissident groups can commonly approach their problems. And it also asks them to probe
         the extent to which black anti-Semitism and Jewish racism are real - or press-made -
         issues. Seated on the floor at a Washington, DC, television studio, the participants
         include moderates and radicals, members of organizations and private citizens from both the
         Jewish and black communities. The moderators are a black and white psychologist form the
         National Training League (a branch of the NEA), P. Bertrand Phillips and Charles N.
         Seashore. The black participants are John F. Hatchett, suspended NYU professor, who
         formerly directed the University's Afro-American Student Center; Sydney Finley, Chicago
         field representative for the NAACP; Lou Smith, president of Operation Bootstrap, a Los
         Angeles technical training center; Charlotte Robinson, Project Follow Through teacher in
         Grand Rapids, Mich.; and Loriman Rhodell, a grass roots worker, who is involved with the
         New York Urban Coalition. The Jewish participants are Richard Cohen, assistant executive
         director of the American Jewish Congress; Rabbi Murray Saltzman of Indianapolis, who has
         been active in civil rights and was jailed with Dr. Martin Luther King during a
         demonstration in St. Augustine, Fla.; Paul Jacobs, political activist and radical author
         ("The New Radicals," "Is Curly Jewish?"); Edward Solomon, principal of a Harlem junior high
         school; Mrs. Naomi Mandlebaum, Detroit teacher and housewife; and Milton Hoffman, a
         Washington merchant whose store was twice burnt out during the riots. NET Journal - "Some
         of Our Best Friends" is an NET production. Executive producer: Jack Willis ("Appalachia:
         Rich Land, Poor People"), producer: Edward Magruder Jones.</marc:subfield>
      </marc:datafield>
      <marc:datafield tag="337" ind1=" " ind2=" ">
         <marc:subfield code="a">Moving Image</marc:subfield>
         <marc:subfield code="2">MAVIS media type controlled vocabulary</marc:subfield>
      </marc:datafield>
      <marc:datafield tag="024" ind1="8" ind2=" ">
         <marc:subfield code="a">2335857</marc:subfield>
         <marc:subfield code="2">MAVIS Title Number</marc:subfield>
      </marc:datafield>
      <marc:datafield tag="024" ind1="8" ind2=" ">
         <marc:subfield code="a">SMBF</marc:subfield>
         <marc:subfield code="2">NET/PBS NOLA</marc:subfield>
      </marc:datafield>
      <marc:datafield tag="024" ind1="8" ind2=" ">
         <marc:subfield code="a">0</marc:subfield>
         <marc:subfield code="2">NET/PBS number</marc:subfield>
      </marc:datafield>
      <marc:datafield tag="546" ind1=" " ind2=" ">
         <marc:subfield code="a">English</marc:subfield>
      </marc:datafield>
      <marc:datafield tag="653" ind1=" " ind2=" ">
         <marc:subfield code="a">Antisemitism</marc:subfield>
         <marc:subfield code="0">http://id.loc.gov/authorities/subjects/sh85005764</marc:subfield>
      </marc:datafield>
      <marc:datafield tag="653" ind1=" " ind2=" ">
         <marc:subfield code="a">African Americans--Relations with
         Jews</marc:subfield>
         <marc:subfield code="0">http://id.loc.gov/authorities/subjects/sh85001977</marc:subfield>
      </marc:datafield>
      <marc:datafield tag="653" ind1=" " ind2=" ">
         <marc:subfield code="a">Conflict management</marc:subfield>
         <marc:subfield code="0">http://id.loc.gov/authorities/subjects/sh85030958</marc:subfield>
      </marc:datafield>
      <marc:datafield tag="653" ind1=" " ind2=" ">
         <marc:subfield code="a">Racism</marc:subfield>
         <marc:subfield code="0">http://id.loc.gov/authorities/subjects/sh85110266</marc:subfield>
      </marc:datafield>
      <marc:datafield tag="245" ind1="0" ind2="0">
         <marc:subfield code="a">Some of our best friends.</marc:subfield>
         <marc:subfield code="b">National Educational Television ; producer,
         Edward Magruder Jones.</marc:subfield>
      </marc:datafield>
      <marc:datafield tag="246" ind1="3" ind2="3">
         <marc:subfield code="a">NET journal. Some of our
         best friends.</marc:subfield>
      </marc:datafield>
      <marc:datafield tag="246" ind1="3" ind2="3">
         <marc:subfield code="a">NET journal. [No. 228],
         Some of our best friends.</marc:subfield>
      </marc:datafield>
      <marc:datafield tag="246" ind1="3" ind2="3">
         <marc:subfield code="a">Some of my best friends.</marc:subfield>
      </marc:datafield>
      <marc:datafield tag="655" ind1=" " ind2="0">
         <marc:subfield code="a">Nonfiction television programs
         (lcgft)</marc:subfield>
         <marc:subfield code="0">http://id.loc.gov/authorities/genreForms/gf2011026425</marc:subfield>
      </marc:datafield>
      <marc:datafield tag="655" ind1=" " ind2="0">
         <marc:subfield code="a">Television panel discussions
         (lcgft)</marc:subfield>
         <marc:subfield code="0">http://id.loc.gov/authorities/genreForms/gf2011026668</marc:subfield>
      </marc:datafield>
   </marc:record>