
   <marc:record>
      <marc:leader>      am         3u     </marc:leader>
      <marc:datafield tag="042" ind1=" " ind2=" ">
         <marc:subfield code="a">dc</marc:subfield>
      </marc:datafield>
      <marc:datafield tag="720" ind1=" " ind2=" ">
         <marc:subfield code="a">National Educational Television and Radio Center</marc:subfield>
         <marc:subfield code="e">Broadcaster</marc:subfield>
         <marc:subfield code="0">http://id.loc.gov/authorities/names/n80050382</marc:subfield>
      </marc:datafield>
      <marc:datafield tag="720" ind1=" " ind2=" ">
         <marc:subfield code="a">Lemma, Aklilu.</marc:subfield>
         <marc:subfield code="e">Appearing</marc:subfield>
      </marc:datafield>
      <marc:datafield tag="720" ind1=" " ind2=" ">
         <marc:subfield code="a">Mitchell,
         Denis</marc:subfield>
         <marc:subfield code="e">Narrator</marc:subfield>
         <marc:subfield code="0">http://id.loc.gov/authorities/names/n97846588</marc:subfield>
      </marc:datafield>
      <marc:datafield tag="720" ind1=" " ind2=" ">
         <marc:subfield code="a"/>
         <marc:subfield code="e">Appearing</marc:subfield>
      </marc:datafield>
      <marc:datafield tag="720" ind1=" " ind2=" ">
         <marc:subfield code="a">Mitchell,
         Denis</marc:subfield>
         <marc:subfield code="e">Director</marc:subfield>
         <marc:subfield code="0">http://id.loc.gov/authorities/names/n97846588</marc:subfield>
      </marc:datafield>
      <marc:datafield tag="720" ind1=" " ind2=" ">
         <marc:subfield code="a">Rediffusion Television Ltd.</marc:subfield>
         <marc:subfield code="e">Production Company</marc:subfield>
         <marc:subfield code="0">http://id.loc.gov/authorities/names/nb2004308145</marc:subfield>
      </marc:datafield>
      <marc:datafield tag="260" ind1=" " ind2=" ">
         <marc:subfield code="c">1967-9-4</marc:subfield>
      </marc:datafield>
      <marc:datafield tag="520" ind1=" " ind2=" ">
         <marc:subfield code="a">From NET microfiche: An ancient country of rare beauty, Ethiopia has defied
         the progress principle of Western missionaries warlike and peaceful, and the sometimes
         clumsy revolts of its African neighbors. Its emperor, Haile Selassie, has ruled for more
         than 30 years, and its people have retained much of his regal presence. But Ethiopia is
         changing, and for Denis Mitchell of Rediffusion Television the change may be unflattering
         to the Ethiopian people. It is Mitchell, described by Variety as "an outstanding director
         and pioneer of tele-verite," who reports on Ethiopia, ranging the mountainous country and
         avoiding its few cities which he considers unrepresentative. He finds a people "of
         gentleness and courtesy. . . strength and dignity" despite the "horror and bloodshed that's
         gone before." Side by side, he finds "people who eat hippo, people who eat pancakes," and
         he asks how its emperor can "weld all this into one nation?" But the Italian invasion of
         1935 "kicked Ethiopia into the 20th Century," and since then the invasion of money - from
         America and from Europe - has continued to prod the country forward. IT has created a world
         of "corrugated iron instead of thatch" which "keeps out the bugs" but which prompts
         Mitchell to ask "why is it that progress so often goes hand and hand with ugliness?" On his
         tour, Mitchell points out the markets and the mosques; the Falasha village inhabited by a
         clan of Ethiopian Jews; the American industrial fair and the royal pageantry; the hotel
         life and the tennis court - "symbol of progress." Among these appearing on the program are
         Dr. Aklilu Lemma, a scientist; Don Levine, an American sociologist; Dr. Carlson, an
         American who heads the Public Health College at Gondar; and Mrs. Burgoyne, widow of a
         British officer and spokesman for the old Ethiopia.</marc:subfield>
      </marc:datafield>
      <marc:datafield tag="337" ind1=" " ind2=" ">
         <marc:subfield code="a">Moving Image</marc:subfield>
         <marc:subfield code="2">MAVIS media type controlled vocabulary</marc:subfield>
      </marc:datafield>
      <marc:datafield tag="024" ind1="8" ind2=" ">
         <marc:subfield code="a">2410613</marc:subfield>
         <marc:subfield code="2">MAVIS Title Number</marc:subfield>
      </marc:datafield>
      <marc:datafield tag="024" ind1="8" ind2=" ">
         <marc:subfield code="a">SPIE</marc:subfield>
         <marc:subfield code="2">NET/PBS NOLA</marc:subfield>
      </marc:datafield>
      <marc:datafield tag="024" ind1="8" ind2=" ">
         <marc:subfield code="a">46</marc:subfield>
         <marc:subfield code="2">NET/PBS number</marc:subfield>
      </marc:datafield>
      <marc:datafield tag="546" ind1=" " ind2=" ">
         <marc:subfield code="a">English</marc:subfield>
      </marc:datafield>
      <marc:datafield tag="653" ind1=" " ind2=" ">
         <marc:subfield code="a">Ethiopia--Description and
         travel</marc:subfield>
         <marc:subfield code="0">http://id.loc.gov/authorities/subjects/sh85045128</marc:subfield>
      </marc:datafield>
      <marc:datafield tag="653" ind1=" " ind2=" ">
         <marc:subfield code="a">Ethiopia--Social conditions</marc:subfield>
         <marc:subfield code="0">http://id.loc.gov/authorities/subjects/sh85045150</marc:subfield>
      </marc:datafield>
      <marc:datafield tag="245" ind1="0" ind2="0">
         <marc:subfield code="a">Spring in Ethiopia.</marc:subfield>
         <marc:subfield code="b">Rediffusion Television, Ltd. London;
         [director, Denis Mitchell].</marc:subfield>
      </marc:datafield>
      <marc:datafield tag="246" ind1="3" ind2="3">
         <marc:subfield code="a">Intertel #46/NET
         journal--spring in Ethipia.</marc:subfield>
      </marc:datafield>
      <marc:datafield tag="246" ind1="3" ind2="3">
         <marc:subfield code="a">NET journal.
         Spring in Ethiopia.</marc:subfield>
      </marc:datafield>
      <marc:datafield tag="246" ind1="3" ind2="3">
         <marc:subfield code="a">Spring in Ethiopia. NET
         journal.</marc:subfield>
      </marc:datafield>
      <marc:datafield tag="246" ind1="3" ind2="3">
         <marc:subfield code="a">Intertel. [No. 46], Spring in Ethiopia.</marc:subfield>
      </marc:datafield>
      <marc:datafield tag="246" ind1="3" ind2="3">
         <marc:subfield code="a">Intertel. Spring in Ethiopia.</marc:subfield>
      </marc:datafield>
      <marc:datafield tag="655" ind1=" " ind2="0">
         <marc:subfield code="a">Documentary television programs
         (lcgft)</marc:subfield>
         <marc:subfield code="0">http://id.loc.gov/authorities/genreForms/gf2011026207</marc:subfield>
      </marc:datafield>
      <marc:datafield tag="655" ind1=" " ind2="0">
         <marc:subfield code="a">Nonfiction television programs
         (lcgft)</marc:subfield>
         <marc:subfield code="0">http://id.loc.gov/authorities/genreForms/gf2011026425</marc:subfield>
      </marc:datafield>
      <marc:datafield tag="655" ind1=" " ind2="0">
         <marc:subfield code="a">Travelogues (Television programs)
         (lcgft)</marc:subfield>
         <marc:subfield code="0">http://id.loc.gov/authorities/genreForms/gf2011026706</marc:subfield>
      </marc:datafield>
   </marc:record>