
   <marc:record>
      <marc:leader>      am         3u     </marc:leader>
      <marc:datafield tag="042" ind1=" " ind2=" ">
         <marc:subfield code="a">dc</marc:subfield>
      </marc:datafield>
      <marc:datafield tag="720" ind1=" " ind2=" ">
         <marc:subfield code="a">Davies,
         Rupert</marc:subfield>
         <marc:subfield code="e">Cast/Actor</marc:subfield>
         <marc:subfield code="0">http://id.loc.gov/authorities/names/nb2005017637</marc:subfield>
      </marc:datafield>
      <marc:datafield tag="720" ind1=" " ind2=" ">
         <marc:subfield code="a">National Educational Television and Radio Center</marc:subfield>
         <marc:subfield code="e">Broadcaster</marc:subfield>
         <marc:subfield code="0">http://id.loc.gov/authorities/names/n80050382</marc:subfield>
      </marc:datafield>
      <marc:datafield tag="720" ind1=" " ind2=" ">
         <marc:subfield code="a">Kennedy-Martin, Troy</marc:subfield>
         <marc:subfield code="e">Adapter/Dramatization</marc:subfield>
      </marc:datafield>
      <marc:datafield tag="720" ind1=" " ind2=" ">
         <marc:subfield code="a">Cogley, John</marc:subfield>
         <marc:subfield code="e">Commentator</marc:subfield>
         <marc:subfield code="0">http://id.loc.gov/authorities/names/n50030566</marc:subfield>
      </marc:datafield>
      <marc:datafield tag="720" ind1=" " ind2=" ">
         <marc:subfield code="a">Anglia Television</marc:subfield>
         <marc:subfield code="e">Production Company</marc:subfield>
         <marc:subfield code="0">http://id.loc.gov/authorities/names/n50024887</marc:subfield>
      </marc:datafield>
      <marc:datafield tag="720" ind1=" " ind2=" ">
         <marc:subfield code="a">Vas, Steven</marc:subfield>
         <marc:subfield code="e">Author/Based on</marc:subfield>
      </marc:datafield>
      <marc:datafield tag="720" ind1=" " ind2=" ">
         <marc:subfield code="a">Jacobs, John,
         1924-2001</marc:subfield>
         <marc:subfield code="e">Director</marc:subfield>
         <marc:subfield code="0">http://id.loc.gov/authorities/names/no2008135091</marc:subfield>
      </marc:datafield>
      <marc:datafield tag="720" ind1=" " ind2=" ">
         <marc:subfield code="a">Raffalt, Reinhard</marc:subfield>
         <marc:subfield code="e">Author/Based on</marc:subfield>
         <marc:subfield code="0">http://id.loc.gov/authorities/names/n50054826</marc:subfield>
      </marc:datafield>
      <marc:datafield tag="260" ind1=" " ind2=" ">
         <marc:subfield code="c">1966-4-4</marc:subfield>
      </marc:datafield>
      <marc:datafield tag="260" ind1=" " ind2=" ">
         <marc:subfield code="c">1967</marc:subfield>
      </marc:datafield>
      <marc:datafield tag="520" ind1=" " ind2=" ">
         <marc:subfield code="a">From NET microfiche: This play is a fictionalized portrayal of what occurs
         when Catholic cardinals convene to elect a new pope. When the program was originally shown
         in Great Britain, many viewers and critics noted a parallel in content and characters to
         the election of the late Pope John XXIII. After fourteen days, the cardinals are deadlocked
         in a choice of a new pope between the Cardinal of Palermo, head of the Church's Right wing,
         and Cardinal Ricci, the choice of the Left wing. A dying Cardinal of Toledo begs his
         colleagues to reconsider and choose a simple man as pope. Slowly, the cardinal's move
         towards a moderate, the Cardinal of Bologna, who protests that he is "too blind, too
         trusting, to uncritical." However, the move to select the Cardinal of Bologna grows. As the
         play draws to a conclusion, the Cardinal of Bologna is robed to say the final Mass, after
         which he is certain to be elected as the new pope. John Cogley, religious righter for The
         New York Times, introduces the play and comments. The Cast: Cardinal of Bologna - Rupert
         Davies Cardinal Dean - Cyril Luckham Ceremonialist - John Franklyn Robbins Father Bianchi -
         Jonathan Burn Cardinal of Palermo - Alan Wheatley Cardinal of Boston - Alan Gifford
         Cardinal Ricci - Peter Copley Cardinal of Paris - Tony Steedman Cardinal of Budapest - John
         Bailey Cardinal of Bombay - Marne Maitland Cardinal of Rio de Janeiro - Roger Delgado
         Cardinal of Toledo - Felix Aylmer Cardinal of Uganda - Thomas Baptiste Cardinal of Macao -
         Robert Lee Cardinal of Mexico - Christopher Benjamin Cardinal of Milan - John Welsh THE
         SUCCESSOR is a National Educational Television presentation, produced by Anglia Television
         Network. Authors: Reinhard Raffalt and Steven Vas. Adapted for television by Troy Kennedy
         Martin. Directed by John Jacobs. FILLER INFORAMTION: Mystery-Sonata No. 14 D-Major, the
         "Assumption" for violin, harpshichord and 'continuo' Composer: Franziskus Ignatius Biber
         Cast: Bruno Lenz Li Stadelman Wilheim Schneller This is a Bavarian Television production.
         NOTE: For the 1967 re-broadcast, the filler was removed.</marc:subfield>
      </marc:datafield>
      <marc:datafield tag="337" ind1=" " ind2=" ">
         <marc:subfield code="a">Moving Image</marc:subfield>
         <marc:subfield code="2">MAVIS media type controlled vocabulary</marc:subfield>
      </marc:datafield>
      <marc:datafield tag="024" ind1="8" ind2=" ">
         <marc:subfield code="a">2432035</marc:subfield>
         <marc:subfield code="2">MAVIS Title Number</marc:subfield>
      </marc:datafield>
      <marc:datafield tag="024" ind1="8" ind2=" ">
         <marc:subfield code="a">SCSR</marc:subfield>
         <marc:subfield code="2">NET/PBS NOLA</marc:subfield>
      </marc:datafield>
      <marc:datafield tag="024" ind1="8" ind2=" ">
         <marc:subfield code="a">0</marc:subfield>
         <marc:subfield code="2">NET/PBS number</marc:subfield>
      </marc:datafield>
      <marc:datafield tag="024" ind1="8" ind2=" ">
         <marc:subfield code="a">62</marc:subfield>
         <marc:subfield code="2">Episode Number</marc:subfield>
      </marc:datafield>
      <marc:datafield tag="546" ind1=" " ind2=" ">
         <marc:subfield code="a">English</marc:subfield>
      </marc:datafield>
      <marc:datafield tag="653" ind1=" " ind2=" ">
         <marc:subfield code="a">Popes--Election</marc:subfield>
         <marc:subfield code="0">http://id.loc.gov/authorities/subjects/sh85104873</marc:subfield>
      </marc:datafield>
      <marc:datafield tag="245" ind1="0" ind2="0">
         <marc:subfield code="a">The successor.</marc:subfield>
         <marc:subfield code="b">Anglia Television Network ; director, John
         Jacobs ; authors, Reinhard Raffalt and Steven Vas ; adapted for television by Troy Kennedy
         Martin.</marc:subfield>
      </marc:datafield>
      <marc:datafield tag="246" ind1="3" ind2="3">
         <marc:subfield code="a">NET playhouse. The
         successor.</marc:subfield>
      </marc:datafield>
      <marc:datafield tag="246" ind1="3" ind2="3">
         <marc:subfield code="a">NET playhouse. [No. 62],
         The successor.</marc:subfield>
      </marc:datafield>
      <marc:datafield tag="246" ind1="3" ind2="3">
         <marc:subfield code="a">Successor.</marc:subfield>
      </marc:datafield>
      <marc:datafield tag="655" ind1=" " ind2="0">
         <marc:subfield code="a">Television adaptations
         (lcgft)</marc:subfield>
         <marc:subfield code="0">http://id.loc.gov/authorities/genreForms/gf2011026653\n</marc:subfield>
      </marc:datafield>
      <marc:datafield tag="655" ind1=" " ind2="0">
         <marc:subfield code="a">Fiction television programs
         (lcgft)</marc:subfield>
         <marc:subfield code="0">http://id.loc.gov/authorities/genreForms/gf2011026252\n</marc:subfield>
      </marc:datafield>
      <marc:datafield tag="655" ind1=" " ind2="0">
         <marc:subfield code="a">Religious television programs
         (lcgft)</marc:subfield>
         <marc:subfield code="0">http://id.loc.gov/authorities/genreForms/gf2011026528\n</marc:subfield>
      </marc:datafield>
      <marc:datafield tag="655" ind1=" " ind2="0">
         <marc:subfield code="a">Televised plays (lcgft)</marc:subfield>
         <marc:subfield code="0">http://id.loc.gov/authorities/genreForms/gf2011026647</marc:subfield>
      </marc:datafield>
   </marc:record>