
   <marc:record>
      <marc:leader>      am         3u     </marc:leader>
      <marc:datafield tag="042" ind1=" " ind2=" ">
         <marc:subfield code="a">dc</marc:subfield>
      </marc:datafield>
      <marc:datafield tag="720" ind1=" " ind2=" ">
         <marc:subfield code="a">National Educational Television and Radio Center</marc:subfield>
         <marc:subfield code="e">Broadcaster</marc:subfield>
         <marc:subfield code="0">http://id.loc.gov/authorities/names/n80050382</marc:subfield>
      </marc:datafield>
      <marc:datafield tag="720" ind1=" " ind2=" ">
         <marc:subfield code="a"/>
         <marc:subfield code="e">Cast/Actor</marc:subfield>
      </marc:datafield>
      <marc:datafield tag="720" ind1=" " ind2=" ">
         <marc:subfield code="a">Public
         Broadcasting Service</marc:subfield>
         <marc:subfield code="e">Broadcaster</marc:subfield>
         <marc:subfield code="0">http://id.loc.gov/authorities/names/n86134532</marc:subfield>
      </marc:datafield>
      <marc:datafield tag="720" ind1=" " ind2=" ">
         <marc:subfield code="a">Harwood, Elizabeth</marc:subfield>
         <marc:subfield code="e">Cast/Actor</marc:subfield>
         <marc:subfield code="0">http://id.loc.gov/authorities/names/n80068134</marc:subfield>
      </marc:datafield>
      <marc:datafield tag="720" ind1=" " ind2=" ">
         <marc:subfield code="a">Molese, Michele.</marc:subfield>
         <marc:subfield code="e">Cast/Actor</marc:subfield>
      </marc:datafield>
      <marc:datafield tag="720" ind1=" " ind2=" ">
         <marc:subfield code="a">Evans,
         Geraint</marc:subfield>
         <marc:subfield code="e">Cast/Actor</marc:subfield>
         <marc:subfield code="0">http://id.loc.gov/authorities/names/no2009037960</marc:subfield>
      </marc:datafield>
      <marc:datafield tag="720" ind1=" " ind2=" ">
         <marc:subfield code="a">Lensky, Margaret.</marc:subfield>
         <marc:subfield code="e">Cast/Actor</marc:subfield>
      </marc:datafield>
      <marc:datafield tag="720" ind1=" " ind2=" ">
         <marc:subfield code="a">Educational Broadcasting Corporation. NET Division</marc:subfield>
         <marc:subfield code="e">Presenter</marc:subfield>
         <marc:subfield code="0">http://id.loc.gov/authorities/names/n81076889</marc:subfield>
      </marc:datafield>
      <marc:datafield tag="720" ind1=" " ind2=" ">
         <marc:subfield code="a">Diss,
         Eileen</marc:subfield>
         <marc:subfield code="e">Designer</marc:subfield>
         <marc:subfield code="0">http://id.loc.gov/authorities/names/n87860192</marc:subfield>
      </marc:datafield>
      <marc:datafield tag="720" ind1=" " ind2=" ">
         <marc:subfield code="a">Hoffmann, E. T. A.</marc:subfield>
         <marc:subfield code="e">Author/Based on</marc:subfield>
         <marc:subfield code="0">http://id.loc.gov/authorities/names/n80075856</marc:subfield>
      </marc:datafield>
      <marc:datafield tag="720" ind1=" " ind2=" ">
         <marc:subfield code="a">British Broadcasting Corporation</marc:subfield>
         <marc:subfield code="e">Production Company</marc:subfield>
         <marc:subfield code="0">http://id.loc.gov/authorities/names/n79074359</marc:subfield>
      </marc:datafield>
      <marc:datafield tag="720" ind1=" " ind2=" ">
         <marc:subfield code="a">Messina,
         Cedric</marc:subfield>
         <marc:subfield code="e">Producer</marc:subfield>
         <marc:subfield code="0">http://id.loc.gov/authorities/names/no95028862</marc:subfield>
      </marc:datafield>
      <marc:datafield tag="720" ind1=" " ind2=" ">
         <marc:subfield code="a">Gorrie,
         John</marc:subfield>
         <marc:subfield code="e">Director</marc:subfield>
         <marc:subfield code="0">http://id.loc.gov/authorities/names/no95042094</marc:subfield>
      </marc:datafield>
      <marc:datafield tag="260" ind1=" " ind2=" ">
         <marc:subfield code="c">1971-12-9</marc:subfield>
      </marc:datafield>
      <marc:datafield tag="260" ind1=" " ind2=" ">
         <marc:subfield code="c">1971-12-13</marc:subfield>
      </marc:datafield>
      <marc:datafield tag="520" ind1=" " ind2=" ">
         <marc:subfield code="a">From NET microfiche: Michel Molese, Geraint Evans, and Elizabeth Harwood are
         featured in this NET Opera Theatre presentation of Offenbach's operatic fantasy "Tales of
         Hoffman." Produced in English by the BBC, the opera tells the story of the three loves of
         the poet Hoffman. "Tales of Hoffman" is based loosely on three stories by the German
         romantic writer Ernst Theodor Hoffman (often known as T.A.E. Hoffman) who lived from 1776 -
         1822. Hoffman himself is the protagonist of the opera, as he passes from one love to
         another in an amusing fashion. In each case there is a struggle between good and evil, with
         evil always winning, and Hoffman losing the girl. The prologue finds Hoffman in a tavern in
         Nuremberg waiting for his latest love to finish a performance of "Don Giovanni" at the
         opera house across the street. To pass the time Hoffman asks his comrades in the tavern if
         they would like to hear the tales of his other loves, and they eagerly gather about him.
         The first is the tale of Olympia, a life-like doll created by the clever Dr. Spalazani and
         his rival-in-science, Coppelius. Coppelius has sold Hoffman a pair of magic glasses which
         make Olympia appear real. Immediately Hoffman falls in love with her. Coppelius arrives to
         collect payment for Olympia's eyes, which he has made, and is given a bad check by
         Spalanzani. When Coppelius realizes he has been swindled he smashes Olympia to pieces.
         Hoffman, who has broken his magic glasses, sees that he has been duped. The second story
         finds Hoffman in love with the beautiful Antonia who wants to be a great singer. Antonia's
         father, however, forbids her to sing because he knows that she suffers from a strange
         malady, and the exertion of singing will hasten her death. The evil Dr. Miracle arrives,
         determined to claim Antonia's life. He conjures up the spirit of Antonia's late mother, and
         Antonia sings with all her heart, until she falls dead. The third story finds Hoffman in
         Venice pursuing Giulietta, a naughty courtesan who is protected by the wicked Count
         Dapertutto. Schlemil, another of Giulietta's admirers, challenges Hoffman to a duel. With
         the help of the Mephistophelean Dapertutto, Hoffman kills Schlemil and rushes to
         Giulietta's rooms only to find she has gone off with another paramour. Act 3 is followed by
         the epilogue, in which Stella enters the tavern, sees Hoffman in a drunken stupor, and
         leaves with Lindorf. The "evil" roles of Lindorf, Coppelius, Dapertutto, and Dr. Miracle
         are all played by Sir Geraint Evans, a baritone. Miss Harwood, a soprano, plays Olympia,
         Antonia, Giulietta, and Stella (a non-singing role). Michel Molese is a tenor. The
         remaining cast: Nicklaus - Gillian Ramsden Nathaniel, Spalanzani - Derek Hammond Stroud
         Hermann, Crespel, Schlemil - John Lawrenson Andreas, Cochinelle - Reginald Barratt Franz,
         Pitichinaccio - Graham Allum Antonia's Mother, Simonette - Margaret Lensky Luther - David
         Read Carlotta - Billie Hill Regisseur - Peter Sugden Dancers: Imogen Claire, Janie Kells,
         Nicholas Benton, Leon Lestocq, Yvonne Dragadze, Jennifer Layland, David Hepburn, Wally
         Michaels, Hermione Farthingale, Petra Siniawski, Michael Ingleton, Peter Newton "The Tales
         of Hoffman" is a presentation of NET Division, Educational Broadcasting Corporation.
         Produced by British Broadcasting Corporation. Producer: Cedric Messina. Director: John
         Gorrie. Designer: Eileen Diss. Costume designer: Juanita Waterson. Choreographer: Terry
         Gilbert. NET Opera Theatre music and artistic director: Dr. Peter Herman Adler. Transmitted
         nationally by PBS, the Public Broadcasting Service.</marc:subfield>
      </marc:datafield>
      <marc:datafield tag="337" ind1=" " ind2=" ">
         <marc:subfield code="a">Moving Image</marc:subfield>
         <marc:subfield code="2">MAVIS media type controlled vocabulary</marc:subfield>
      </marc:datafield>
      <marc:datafield tag="024" ind1="8" ind2=" ">
         <marc:subfield code="a">2411601</marc:subfield>
         <marc:subfield code="2">MAVIS Title Number</marc:subfield>
      </marc:datafield>
      <marc:datafield tag="024" ind1="8" ind2=" ">
         <marc:subfield code="a">TLOH</marc:subfield>
         <marc:subfield code="2">NET/PBS NOLA</marc:subfield>
      </marc:datafield>
      <marc:datafield tag="024" ind1="8" ind2=" ">
         <marc:subfield code="a">11 (NET microfiche, Special of the
         week)</marc:subfield>
         <marc:subfield code="2">NET/PBS number</marc:subfield>
      </marc:datafield>
      <marc:datafield tag="546" ind1=" " ind2=" ">
         <marc:subfield code="a">English</marc:subfield>
      </marc:datafield>
      <marc:datafield tag="245" ind1="0" ind2="0">
         <marc:subfield code="a">Tales of Hoffman.</marc:subfield>
         <marc:subfield code="b">British Broadcasting Corporation ; NET
         Division, Educational Broadcasting Corporation ; producer, Cedric Messina ; director, John
         Gorrie; NET Opera music and artistic director, Peter Herman.</marc:subfield>
      </marc:datafield>
      <marc:datafield tag="246" ind1="3" ind2="3">
         <marc:subfield code="a">Tales of Hoffman.</marc:subfield>
      </marc:datafield>
      <marc:datafield tag="246" ind1="3" ind2="3">
         <marc:subfield code="a">Special of the week. Tales of
         Hoffman.</marc:subfield>
      </marc:datafield>
      <marc:datafield tag="246" ind1="3" ind2="3">
         <marc:subfield code="a">NET playhouse. Tales of
         Hoffman.</marc:subfield>
      </marc:datafield>
      <marc:datafield tag="246" ind1="3" ind2="3">
         <marc:subfield code="a">Special of the week. [No. 11], NET opera theatre.
         Tales of Hoffman.</marc:subfield>
      </marc:datafield>
      <marc:datafield tag="246" ind1="3" ind2="3">
         <marc:subfield code="a">NET opera theater. Tales of Hoffman.</marc:subfield>
      </marc:datafield>
      <marc:datafield tag="246" ind1="3" ind2="3">
         <marc:subfield code="a">NET opera theatre. Tales of Hoffman.</marc:subfield>
      </marc:datafield>
      <marc:datafield tag="655" ind1=" " ind2="0">
         <marc:subfield code="a">Fantasy television programs
         (lcgft)</marc:subfield>
         <marc:subfield code="0">http://id.loc.gov/authorities/genreForms/gf2011026244</marc:subfield>
      </marc:datafield>
      <marc:datafield tag="655" ind1=" " ind2="0">
         <marc:subfield code="a">Fiction television programs
         (lcgft)</marc:subfield>
         <marc:subfield code="0">http://id.loc.gov/authorities/genreForms/gf2011026252\n</marc:subfield>
      </marc:datafield>
      <marc:datafield tag="655" ind1=" " ind2="0">
         <marc:subfield code="a">Opera television programs
         (lcgft)</marc:subfield>
         <marc:subfield code="0">http://id.loc.gov/authorities/genreForms/gf2011026429\n</marc:subfield>
      </marc:datafield>
      <marc:datafield tag="655" ind1=" " ind2="0">
         <marc:subfield code="a">Television specials (lcgft)</marc:subfield>
         <marc:subfield code="0">http://id.loc.gov/authorities/genreForms/gf2011026683</marc:subfield>
      </marc:datafield>
   </marc:record>