
   <marc:record>
      <marc:leader>      am         3u     </marc:leader>
      <marc:datafield tag="042" ind1=" " ind2=" ">
         <marc:subfield code="a">dc</marc:subfield>
      </marc:datafield>
      <marc:datafield tag="720" ind1=" " ind2=" ">
         <marc:subfield code="a">Primus,
         Barry</marc:subfield>
         <marc:subfield code="e">Narrator</marc:subfield>
         <marc:subfield code="0">http://id.loc.gov/authorities/names/no92009181</marc:subfield>
      </marc:datafield>
      <marc:datafield tag="720" ind1=" " ind2=" ">
         <marc:subfield code="a">National Educational Television and Radio Center</marc:subfield>
         <marc:subfield code="e">Broadcaster</marc:subfield>
         <marc:subfield code="0">http://id.loc.gov/authorities/names/n80050382</marc:subfield>
      </marc:datafield>
      <marc:datafield tag="720" ind1=" " ind2=" ">
         <marc:subfield code="a">Broderick, James</marc:subfield>
         <marc:subfield code="e">Cast/Actor</marc:subfield>
         <marc:subfield code="0">http://id.loc.gov/authorities/names/n85199292</marc:subfield>
      </marc:datafield>
      <marc:datafield tag="720" ind1=" " ind2=" ">
         <marc:subfield code="a">Scheider, Roy</marc:subfield>
         <marc:subfield code="e">Cast/Actor</marc:subfield>
         <marc:subfield code="0">http://id.loc.gov/authorities/names/n87860064</marc:subfield>
      </marc:datafield>
      <marc:datafield tag="720" ind1=" " ind2=" ">
         <marc:subfield code="a">Wayland,
         Newton</marc:subfield>
         <marc:subfield code="e">Conductor</marc:subfield>
         <marc:subfield code="0">http://id.loc.gov/authorities/names/nr91017792</marc:subfield>
      </marc:datafield>
      <marc:datafield tag="720" ind1=" " ind2=" ">
         <marc:subfield code="a">Wheeler, David F.</marc:subfield>
         <marc:subfield code="e">Staged By/Choreographer</marc:subfield>
         <marc:subfield code="0">http://id.loc.gov/authorities/names/no2009013349</marc:subfield>
      </marc:datafield>
      <marc:datafield tag="720" ind1=" " ind2=" ">
         <marc:subfield code="a">Theatre
         Company of Boston (Boston, Mass.)</marc:subfield>
         <marc:subfield code="e">Performer</marc:subfield>
         <marc:subfield code="0">http://id.loc.gov/authorities/names/n2009060159</marc:subfield>
      </marc:datafield>
      <marc:datafield tag="720" ind1=" " ind2=" ">
         <marc:subfield code="a">Coleman, Nancy, 1912-2000</marc:subfield>
         <marc:subfield code="e">Cast/Actor</marc:subfield>
         <marc:subfield code="0">http://id.loc.gov/authorities/names/n93041920</marc:subfield>
      </marc:datafield>
      <marc:datafield tag="720" ind1=" " ind2=" ">
         <marc:subfield code="a">National Educational Television and Radio Center</marc:subfield>
         <marc:subfield code="e">Production Company</marc:subfield>
         <marc:subfield code="0">http://id.loc.gov/authorities/names/n80050382</marc:subfield>
      </marc:datafield>
      <marc:datafield tag="720" ind1=" " ind2=" ">
         <marc:subfield code="a">Wayland, Newton</marc:subfield>
         <marc:subfield code="e">Music Composer</marc:subfield>
         <marc:subfield code="0">http://id.loc.gov/authorities/names/nr91017792</marc:subfield>
      </marc:datafield>
      <marc:datafield tag="720" ind1=" " ind2=" ">
         <marc:subfield code="a">Sarson,
         Christopher</marc:subfield>
         <marc:subfield code="e">Producer</marc:subfield>
         <marc:subfield code="0">http://id.loc.gov/authorities/names/no2002112633</marc:subfield>
      </marc:datafield>
      <marc:datafield tag="720" ind1=" " ind2=" ">
         <marc:subfield code="a">Sarson,
         Christopher</marc:subfield>
         <marc:subfield code="e">Writer</marc:subfield>
         <marc:subfield code="0">http://id.loc.gov/authorities/names/no2002112633</marc:subfield>
      </marc:datafield>
      <marc:datafield tag="720" ind1=" " ind2=" ">
         <marc:subfield code="a">Chessid, Kay</marc:subfield>
         <marc:subfield code="e">Producer</marc:subfield>
      </marc:datafield>
      <marc:datafield tag="720" ind1=" " ind2=" ">
         <marc:subfield code="a">Bush, Geoffrey</marc:subfield>
         <marc:subfield code="e">Author/Based on</marc:subfield>
      </marc:datafield>
      <marc:datafield tag="720" ind1=" " ind2=" ">
         <marc:subfield code="a">WGBH (Television station : Boston, Mass.)</marc:subfield>
         <marc:subfield code="e">Production Company</marc:subfield>
         <marc:subfield code="0">http://id.loc.gov/authorities/names/n80089989</marc:subfield>
      </marc:datafield>
      <marc:datafield tag="260" ind1=" " ind2=" ">
         <marc:subfield code="c">1968-12-6</marc:subfield>
      </marc:datafield>
      <marc:datafield tag="260" ind1=" " ind2=" ">
         <marc:subfield code="c">1969-11-20</marc:subfield>
      </marc:datafield>
      <marc:datafield tag="520" ind1=" " ind2=" ">
         <marc:subfield code="a">From NET microfiche: Program Description: "A Celebration for William Jennings
         Bryan" by Geoffrey Bush is a portrait of one of the heroes of American political folklore.
         The playwright follows Bryan's career from his first nomination as the Democratic candidate
         for President at the age of 36, through his three defeats (1896, 1900 and 1908); highlights
         his enormous popularity; takes the viewer along on his tours on the famed Chautauqua
         circuit and his lectures on "The Prince of Peace"; shows his unfortunate tour of duty as
         Wilson's Secretary of State (1913-1915); and his participation in the famous Scopes
         "Monkey" Trial. With humor and bite the play depicts Bryan's honesty, his essential
         innocence, his integrity, and the final pathos of a man who has not kept pace with a
         changing world. One of the most popular men in the political history of the United States,
         William Jennings Bryan is seen through the eyes of a narrator, who places in chronological
         sequence the events of his life; those of Clarence Darrow, first as his supporter and later
         as his antagonist; and those of his wife, who never flagged in her loyalty and devotion.
         Through all the turbulence of his career, Bryan never changes, but the world around him
         undergoes the radical change of the first two decades of the Twentieth Century. Geoffrey
         Bush's "A Celebration for William Jennings Bryan" is an original play first produced by the
         Theatre Company of Boston. The NET Playhouse production was made possible in part by grants
         from the National Endowment for the Arts and the Rockefeller Foundation and is performed by
         the players of the Theatre Company of Boston with three guest stars. Cast: William Jennings
         Bryan - James Broderick Mrs. Bryan - Nancy Coleman Clarence Darrow - Roy R. Scheider
         Narrator - Barry Primus Chorus: Larry Bryggman; Susan Channing; Terrence Currier; Audrey
         Ward; William Young About the Company: The Theatre Company of Boston was formed six years
         ago, moving from its original 95-seat playhouse into a 350-seat playhouse converted from a
         movie theater. It has presented many first American performances of contemporary English
         and European playwrights, including Harold Pinter, John Arden, Ann Jellicoe, Slawomir
         Mrozek, and a large number of premieres of plays by new American playwrights. Its artistic
         director is David Wheeler. NET Playhouse: Theatre America - "A Celebration for William
         Jennings Bryan" is a co-production of National Educational Television and its Boston
         affiliate, WGBH-TV. It was produced and directed by Christopher Sarson and staged by David
         Wheeler. The musical score was composed and conducted by Newton Wayland. Producer for NET
         is Kay Chessid.</marc:subfield>
      </marc:datafield>
      <marc:datafield tag="337" ind1=" " ind2=" ">
         <marc:subfield code="a">Moving Image</marc:subfield>
         <marc:subfield code="2">MAVIS media type controlled vocabulary</marc:subfield>
      </marc:datafield>
      <marc:datafield tag="024" ind1="8" ind2=" ">
         <marc:subfield code="a">2431567</marc:subfield>
         <marc:subfield code="2">MAVIS Title Number</marc:subfield>
      </marc:datafield>
      <marc:datafield tag="024" ind1="8" ind2=" ">
         <marc:subfield code="a">TAME</marc:subfield>
         <marc:subfield code="2">NET/PBS NOLA</marc:subfield>
      </marc:datafield>
      <marc:datafield tag="024" ind1="8" ind2=" ">
         <marc:subfield code="a">2 (PBS-1994.xls Excel spreadsheet)</marc:subfield>
         <marc:subfield code="2">NET/PBS number</marc:subfield>
      </marc:datafield>
      <marc:datafield tag="024" ind1="8" ind2=" ">
         <marc:subfield code="a">164 (NET microfiche)</marc:subfield>
         <marc:subfield code="2">NET/PBS number</marc:subfield>
      </marc:datafield>
      <marc:datafield tag="024" ind1="8" ind2=" ">
         <marc:subfield code="a">114 (NET mcirofiche)</marc:subfield>
         <marc:subfield code="2">NET/PBS number</marc:subfield>
      </marc:datafield>
      <marc:datafield tag="546" ind1=" " ind2=" ">
         <marc:subfield code="a">English</marc:subfield>
      </marc:datafield>
      <marc:datafield tag="653" ind1=" " ind2=" ">
         <marc:subfield code="a"/>
      </marc:datafield>
      <marc:datafield tag="653" ind1=" " ind2=" ">
         <marc:subfield code="a">Statesmen--United
         States--Biography</marc:subfield>
         <marc:subfield code="0">http://id.loc.gov/authorities/subjects/sh2008111368</marc:subfield>
      </marc:datafield>
      <marc:datafield tag="653" ind1=" " ind2=" ">
         <marc:subfield code="a">Bryan, William Jennings</marc:subfield>
         <marc:subfield code="0">http://id.loc.gov/authorities/names/n80044871</marc:subfield>
      </marc:datafield>
      <marc:datafield tag="245" ind1="0" ind2="0">
         <marc:subfield code="a">Theatre America. A celebration for William Jennings
         Bryan.</marc:subfield>
         <marc:subfield code="b">National Educational Television, WGBH-TV ;
         producer-director, Christopher Sarson ; staged by David Wheeler ; producer for NET, Kay
         Chessid ; by Geoffrey Bush.</marc:subfield>
      </marc:datafield>
      <marc:datafield tag="246" ind1="3" ind2="3">
         <marc:subfield code="a">A celebration for William Jennings
         Bryan.</marc:subfield>
      </marc:datafield>
      <marc:datafield tag="246" ind1="3" ind2="3">
         <marc:subfield code="a">Williiam Jennings Bryan.</marc:subfield>
      </marc:datafield>
      <marc:datafield tag="246" ind1="3" ind2="3">
         <marc:subfield code="a">NET playhouse. Theatre
         America. A celebration for William Jennings Bryan.</marc:subfield>
      </marc:datafield>
      <marc:datafield tag="246" ind1="3" ind2="3">
         <marc:subfield code="a">Theatre America. Celebration for
         William Jennings Bryan.</marc:subfield>
      </marc:datafield>
      <marc:datafield tag="246" ind1="3" ind2="3">
         <marc:subfield code="a">Theatre America. [No. 2], A
         celebration for William Jennings Bryan.</marc:subfield>
      </marc:datafield>
      <marc:datafield tag="246" ind1="3" ind2="3">
         <marc:subfield code="a">NET playhouse. [No. 114], Theatre America. A
         celebration for William Jennings Bryan.</marc:subfield>
      </marc:datafield>
      <marc:datafield tag="246" ind1="3" ind2="3">
         <marc:subfield code="a">NET playhouse. [No. 164], Theatre America. A
         celebration for William Jennings Bryan.</marc:subfield>
      </marc:datafield>
      <marc:datafield tag="246" ind1="3" ind2="3">
         <marc:subfield code="a">Theatre in America. A celebration for William
         Jennings Bryan.</marc:subfield>
      </marc:datafield>
      <marc:datafield tag="246" ind1="3" ind2="3">
         <marc:subfield code="a">A celebration of William Jennings Bryan.</marc:subfield>
      </marc:datafield>
      <marc:datafield tag="655" ind1=" " ind2="0">
         <marc:subfield code="a">Television adaptations
         (lcgft)</marc:subfield>
         <marc:subfield code="0">http://id.loc.gov/authorities/genreForms/gf2011026653\n</marc:subfield>
      </marc:datafield>
      <marc:datafield tag="655" ind1=" " ind2="0">
         <marc:subfield code="a">Biographical television programs
         (lcgft)</marc:subfield>
         <marc:subfield code="0">http://id.loc.gov/authorities/genreForms/gf2011026091</marc:subfield>
      </marc:datafield>
      <marc:datafield tag="655" ind1=" " ind2="0">
         <marc:subfield code="a">Fiction television programs
         (lcgft)</marc:subfield>
         <marc:subfield code="0">http://id.loc.gov/authorities/genreForms/gf2011026252\n</marc:subfield>
      </marc:datafield>
   </marc:record>