
   <marc:record>
      <marc:leader>      am         3u     </marc:leader>
      <marc:datafield tag="042" ind1=" " ind2=" ">
         <marc:subfield code="a">dc</marc:subfield>
      </marc:datafield>
      <marc:datafield tag="720" ind1=" " ind2=" ">
         <marc:subfield code="a">National Educational Television and Radio Center</marc:subfield>
         <marc:subfield code="e">Broadcaster</marc:subfield>
         <marc:subfield code="0">http://id.loc.gov/authorities/names/n80050382</marc:subfield>
      </marc:datafield>
      <marc:datafield tag="720" ind1=" " ind2=" ">
         <marc:subfield code="a">Hayes, Tubby.</marc:subfield>
         <marc:subfield code="e">Music</marc:subfield>
      </marc:datafield>
      <marc:datafield tag="720" ind1=" " ind2=" ">
         <marc:subfield code="a">Eles, Sandor.</marc:subfield>
         <marc:subfield code="e">Cast/Actor</marc:subfield>
      </marc:datafield>
      <marc:datafield tag="720" ind1=" " ind2=" ">
         <marc:subfield code="a">Robbins, Michael, 1930-1992</marc:subfield>
         <marc:subfield code="e">Cast/Actor</marc:subfield>
         <marc:subfield code="0">http://id.loc.gov/authorities/names/no2010065923</marc:subfield>
      </marc:datafield>
      <marc:datafield tag="720" ind1=" " ind2=" ">
         <marc:subfield code="a">Cooper, John</marc:subfield>
         <marc:subfield code="e">Set Designer/Set Decorator</marc:subfield>
      </marc:datafield>
      <marc:datafield tag="720" ind1=" " ind2=" ">
         <marc:subfield code="a">Jaeger,
         Frederick</marc:subfield>
         <marc:subfield code="e">Cast/Actor</marc:subfield>
         <marc:subfield code="0">http://id.loc.gov/authorities/names/no2007007408</marc:subfield>
      </marc:datafield>
      <marc:datafield tag="720" ind1=" " ind2=" ">
         <marc:subfield code="a">Dunning, Jessica</marc:subfield>
         <marc:subfield code="e">Cast/Actor</marc:subfield>
      </marc:datafield>
      <marc:datafield tag="720" ind1=" " ind2=" ">
         <marc:subfield code="a">Bell, Elizabeth, 1941-2012</marc:subfield>
         <marc:subfield code="e">Cast/Actor</marc:subfield>
      </marc:datafield>
      <marc:datafield tag="720" ind1=" " ind2=" ">
         <marc:subfield code="a">Steven, Anthony</marc:subfield>
         <marc:subfield code="e">Adapter/Dramatization</marc:subfield>
         <marc:subfield code="0">http://id.loc.gov/authorities/names/n99050361</marc:subfield>
      </marc:datafield>
      <marc:datafield tag="720" ind1=" " ind2=" ">
         <marc:subfield code="a">British Broadcasting Corporation</marc:subfield>
         <marc:subfield code="e">Production Company</marc:subfield>
         <marc:subfield code="0">http://id.loc.gov/authorities/names/n79074359</marc:subfield>
      </marc:datafield>
      <marc:datafield tag="720" ind1=" " ind2=" ">
         <marc:subfield code="a">Simenon, Georges</marc:subfield>
         <marc:subfield code="e">Author/Based on</marc:subfield>
         <marc:subfield code="0">http://id.loc.gov/authorities/names/n79054014</marc:subfield>
      </marc:datafield>
      <marc:datafield tag="720" ind1=" " ind2=" ">
         <marc:subfield code="a">Shubik,
         Irene</marc:subfield>
         <marc:subfield code="e">Producer</marc:subfield>
         <marc:subfield code="0">http://id.loc.gov/authorities/names/no2004016619</marc:subfield>
      </marc:datafield>
      <marc:datafield tag="720" ind1=" " ind2=" ">
         <marc:subfield code="a">Hayes,
         Michael, 1929-2014</marc:subfield>
         <marc:subfield code="e">Director</marc:subfield>
         <marc:subfield code="0">http://id.loc.gov/authorities/names/no2009186489</marc:subfield>
      </marc:datafield>
      <marc:datafield tag="720" ind1=" " ind2=" ">
         <marc:subfield code="a">Chessid, Kay</marc:subfield>
         <marc:subfield code="e">Producer</marc:subfield>
      </marc:datafield>
      <marc:datafield tag="260" ind1=" " ind2=" ">
         <marc:subfield code="c">1968-7-26</marc:subfield>
      </marc:datafield>
      <marc:datafield tag="260" ind1=" " ind2=" ">
         <marc:subfield code="c">1966-8-7</marc:subfield>
      </marc:datafield>
      <marc:datafield tag="520" ind1=" " ind2=" ">
         <marc:subfield code="a">From NET microfiche: General Series Description: A series of thirteen programs
         based on the novels of Georges Simenon. Noted for the sound psychology of his characters,
         Simenon's stories deal with many nationalities and are set in numerous European cities and
         villages. There are sequences filmed in these locations integrated into the programs. In
         each of the novels chosen for this series, Fate plays a leading role in the development of
         the story and the characters: Background on Georges Simenon: Georges Simenon was born into
         a middle-class family at Liege, Belgium, in 1903. He began his writing career at 16 when he
         bought himself his first pair of long pants and presented himself as a reporter to the
         publisher of the biggest local newspaper who, in amusement, hired him and assigned him to
         the police court beat. One month later the precocious young man was writing a column
         devoted to police reports and civic ceremonies. When he was 20 years old, he bought all the
         current magazines and novels and, using them as models, started to write stories of all
         kinds aimed at all sorts of readers. Under 17 pen names over the next seven years, he
         produced over 300 of these tales. By 1930 he was ready to start on larger works, and it was
         then that he began the famous Inspector Maigret series. Gradually, however, Simenon has
         increasingly become absorbed in writing serious, non-crime novels, although from time to
         time he still continues to bring out a detective novel. For ten years, Simenon lived in the
         United States - in Maine, New York, Florida, Arizona, California and Connecticut -
         eventually producing ten novels with an American background. Among them is "The Brothers
         Rico," which is considered among the finest of his novels. In 1955, Simenon returned to
         Europe and now lives in Switzerland with his wife and four children. Today, at the age of
         65, Georges Simenon has the reputation of being "an author's legend." All told, he is
         credited with having produced nearly 500 books in 45 years. His latest serious novel, "The
         Confessional," was published this spring. "The Belles of Bictre," written in 1964, is
         perhaps his most widely-acclaimed large novel and has been called his greatest achievement.
         His books have been translated into more than 25 languages and more than 40 of them have
         been filmed. His psychological novels have had a great influence on the French cinema.
         Simenon has been admired by leading European and American critics, and he has a wide and
         enthusiastic following. Andre Gide, who at the end of his life was writing a study of
         Simenon's fiction, called him "perhaps the greatest" novelist of contemporary France.
         Thomas Lask, book reviewer of The New York Times, speaks of Simenon's "immaculate sense of
         form," and Thornton Wilder wrote about the novel "The Hitchhiker" that Simenon "has
         revealed a store of beauty and moral strength from the realm of suffering in the homely
         facts of daily life." NET Playhouse #95: Thirteen Against Fate #8: The Friends In the south
         of France, Vladimir Dobranski, an expatriate Pole, is employed as the captain of a yacht
         "Electra," owned by the wealthy Madame Papelier. Vladimir's experience of the sea is
         negligible; his main function is as Madame's lover. His friend Blinis is also part of the
         crew and has become involved with Madame's daughter, Helene. But Vladimir, too, is
         attracted to Helene and is jealous of Blinis, in spite of the fact that both men are from
         Poland and have been lifelong friends. One day, Vladimir steals a diamond ring from Madame
         Papelier and hides it in Blinis' cabin. When it is found, young Blinis is dismissed. Blinis
         sets off for Marseilles and is no sooner gone when Vladimir has an attack of conscience and
         confesses all to Madame Papelier. They are too late to stop him from leaving the country,
         however, and further damage has been done by one of Madame Papelier's guests, who has
         informed the police of Blinis' "crime." Anxious to recompense his old friend, Vladimir
         sends him money. Then he learns that Helene is pregnant by Blinis when she begs him to help
         her get rid of the child. Realizing at last that Helene really loves Blinis and satisfied
         that when her mother dies she will inherit the estate, Vladimir kills Madame Papelier. He
         manages to evade the police and, under another name, goes to Warsaw where Blinis is in
         hiding. He tells him that Helene is going to have his child and the two friends are
         reconciled. Blinis leaves to return to France and Helene. But ironically, the Polish police
         have been waiting for the man whose name Vladimir has assumed, and he is arrested for
         "subversive activities" against the State." He has paid his debt to Blinis in full. Film
         sequences were shot on location in Cannes, France. Suggested Newspaper Listing: "Thirteen
         Against Fate" - Jealousy over a beautiful woman makes a man steal in order to frame his
         best friend.</marc:subfield>
      </marc:datafield>
      <marc:datafield tag="337" ind1=" " ind2=" ">
         <marc:subfield code="a">Moving Image</marc:subfield>
         <marc:subfield code="2">MAVIS media type controlled vocabulary</marc:subfield>
      </marc:datafield>
      <marc:datafield tag="024" ind1="8" ind2=" ">
         <marc:subfield code="a">1654767</marc:subfield>
         <marc:subfield code="2">MAVIS Title Number</marc:subfield>
      </marc:datafield>
      <marc:datafield tag="024" ind1="8" ind2=" ">
         <marc:subfield code="a">THAF</marc:subfield>
         <marc:subfield code="2">NET/PBS NOLA</marc:subfield>
      </marc:datafield>
      <marc:datafield tag="024" ind1="8" ind2=" ">
         <marc:subfield code="a">8</marc:subfield>
         <marc:subfield code="2">NET/PBS number</marc:subfield>
      </marc:datafield>
      <marc:datafield tag="024" ind1="8" ind2=" ">
         <marc:subfield code="a">95 (NET playhouse)</marc:subfield>
         <marc:subfield code="2">NET/PBS number</marc:subfield>
      </marc:datafield>
      <marc:datafield tag="546" ind1=" " ind2=" ">
         <marc:subfield code="a">English</marc:subfield>
      </marc:datafield>
      <marc:datafield tag="653" ind1=" " ind2=" ">
         <marc:subfield code="a">Friendship</marc:subfield>
         <marc:subfield code="0">http://id.loc.gov/authorities/subjects/sh85051992</marc:subfield>
      </marc:datafield>
      <marc:datafield tag="653" ind1=" " ind2=" ">
         <marc:subfield code="a">Theft</marc:subfield>
         <marc:subfield code="0">http://id.loc.gov/authorities/subjects/sh85127634</marc:subfield>
      </marc:datafield>
      <marc:datafield tag="653" ind1=" " ind2=" ">
         <marc:subfield code="a">Jealousy</marc:subfield>
         <marc:subfield code="0">http://id.loc.gov/authorities/subjects/sh85069852</marc:subfield>
      </marc:datafield>
      <marc:datafield tag="245" ind1="0" ind2="0">
         <marc:subfield code="a">Thirteen against fate. The friends.</marc:subfield>
         <marc:subfield code="b">a National Educational Television presentation
         ; produced by Irene Shubik for the British Broadcasting Corporation ; NET producer, Kay
         Chessid ; director, Michael Hayes ; dramatization by Anthony Steven.</marc:subfield>
      </marc:datafield>
      <marc:datafield tag="246" ind1="3" ind2="3">
         <marc:subfield code="a">The friends.</marc:subfield>
      </marc:datafield>
      <marc:datafield tag="246" ind1="3" ind2="3">
         <marc:subfield code="a">13 against fate. The friends.</marc:subfield>
      </marc:datafield>
      <marc:datafield tag="246" ind1="3" ind2="3">
         <marc:subfield code="a">NET playhouse. [1968-07-26]. Thirteen against fate.
         [No. 8], The friends.</marc:subfield>
      </marc:datafield>
      <marc:datafield tag="246" ind1="3" ind2="3">
         <marc:subfield code="a">NET playhouse. [No. 95], Thirteen against fate. [No.
         8], The friends.</marc:subfield>
      </marc:datafield>
      <marc:datafield tag="246" ind1="3" ind2="3">
         <marc:subfield code="a">NET playhouse. 13 against fate. The
         friends.</marc:subfield>
      </marc:datafield>
      <marc:datafield tag="246" ind1="3" ind2="3">
         <marc:subfield code="a">NET playhouse. Thirteen against fate. The
         friends.</marc:subfield>
      </marc:datafield>
      <marc:datafield tag="246" ind1="3" ind2="3">
         <marc:subfield code="a">Thirteen against fate. [No. 8], The
         friends.</marc:subfield>
      </marc:datafield>
      <marc:datafield tag="655" ind1=" " ind2="0">
         <marc:subfield code="a">Fiction television programs
         (lcgft)</marc:subfield>
         <marc:subfield code="0">http://id.loc.gov/authorities/genreForms/gf2011026252\n</marc:subfield>
      </marc:datafield>
   </marc:record>