
   <marc:record>
      <marc:leader>      am         3u     </marc:leader>
      <marc:datafield tag="042" ind1=" " ind2=" ">
         <marc:subfield code="a">dc</marc:subfield>
      </marc:datafield>
      <marc:datafield tag="720" ind1=" " ind2=" ">
         <marc:subfield code="a">Mohyeddin, Zia</marc:subfield>
         <marc:subfield code="e">Cast/Actor</marc:subfield>
      </marc:datafield>
      <marc:datafield tag="720" ind1=" " ind2=" ">
         <marc:subfield code="a">Lynn,
         Jonathan</marc:subfield>
         <marc:subfield code="e">Cast/Actor</marc:subfield>
         <marc:subfield code="0">http://id.loc.gov/authorities/names/n84016413</marc:subfield>
      </marc:datafield>
      <marc:datafield tag="720" ind1=" " ind2=" ">
         <marc:subfield code="a">Watts, Gwendolyn</marc:subfield>
         <marc:subfield code="e">Cast/Actor</marc:subfield>
      </marc:datafield>
      <marc:datafield tag="720" ind1=" " ind2=" ">
         <marc:subfield code="a">National Educational Television and Radio Center</marc:subfield>
         <marc:subfield code="e">Broadcaster</marc:subfield>
         <marc:subfield code="0">http://id.loc.gov/authorities/names/n80050382</marc:subfield>
      </marc:datafield>
      <marc:datafield tag="720" ind1=" " ind2=" ">
         <marc:subfield code="a">Jones,
         Gemma</marc:subfield>
         <marc:subfield code="e">Cast/Actor</marc:subfield>
         <marc:subfield code="0">http://id.loc.gov/authorities/names/n81141478</marc:subfield>
      </marc:datafield>
      <marc:datafield tag="720" ind1=" " ind2=" ">
         <marc:subfield code="a">George,
         Christopher, 1929-1983</marc:subfield>
         <marc:subfield code="e">Cast/Actor</marc:subfield>
         <marc:subfield code="0">http://id.loc.gov/authorities/names/no98123321</marc:subfield>
      </marc:datafield>
      <marc:datafield tag="720" ind1=" " ind2=" ">
         <marc:subfield code="a">Leonard, Hugh</marc:subfield>
         <marc:subfield code="e">Adapter/Dramatization</marc:subfield>
         <marc:subfield code="0">http://id.loc.gov/authorities/names/n79133705</marc:subfield>
      </marc:datafield>
      <marc:datafield tag="720" ind1=" " ind2=" ">
         <marc:subfield code="a">Abbott, Tony</marc:subfield>
         <marc:subfield code="e">Set Designer/Set Decorator</marc:subfield>
         <marc:subfield code="0">http://id.loc.gov/authorities/names/no2011025012</marc:subfield>
      </marc:datafield>
      <marc:datafield tag="720" ind1=" " ind2=" ">
         <marc:subfield code="a">Chagrin, Nicolas</marc:subfield>
         <marc:subfield code="e">Cast/Actor</marc:subfield>
         <marc:subfield code="0">http://id.loc.gov/authorities/names/no2011068336</marc:subfield>
      </marc:datafield>
      <marc:datafield tag="720" ind1=" " ind2=" ">
         <marc:subfield code="a">Gallagher, Thomas, 1898-1967</marc:subfield>
         <marc:subfield code="e">Cast/Actor</marc:subfield>
      </marc:datafield>
      <marc:datafield tag="720" ind1=" " ind2=" ">
         <marc:subfield code="a">British Broadcasting Corporation</marc:subfield>
         <marc:subfield code="e">Production Company</marc:subfield>
         <marc:subfield code="0">http://id.loc.gov/authorities/names/n79074359</marc:subfield>
      </marc:datafield>
      <marc:datafield tag="720" ind1=" " ind2=" ">
         <marc:subfield code="a">Simenon, Georges</marc:subfield>
         <marc:subfield code="e">Author/Based on</marc:subfield>
         <marc:subfield code="0">http://id.loc.gov/authorities/names/n79054014</marc:subfield>
      </marc:datafield>
      <marc:datafield tag="720" ind1=" " ind2=" ">
         <marc:subfield code="a">Shubik,
         Irene</marc:subfield>
         <marc:subfield code="e">Producer</marc:subfield>
         <marc:subfield code="0">http://id.loc.gov/authorities/names/no2004016619</marc:subfield>
      </marc:datafield>
      <marc:datafield tag="720" ind1=" " ind2=" ">
         <marc:subfield code="a">Chessid, Kay</marc:subfield>
         <marc:subfield code="e">Producer</marc:subfield>
      </marc:datafield>
      <marc:datafield tag="720" ind1=" " ind2=" ">
         <marc:subfield code="a">Ferman, James</marc:subfield>
         <marc:subfield code="e">Director</marc:subfield>
      </marc:datafield>
      <marc:datafield tag="260" ind1=" " ind2=" ">
         <marc:subfield code="c">1968-6-14</marc:subfield>
      </marc:datafield>
      <marc:datafield tag="260" ind1=" " ind2=" ">
         <marc:subfield code="c">1966-6-19</marc:subfield>
      </marc:datafield>
      <marc:datafield tag="520" ind1=" " ind2=" ">
         <marc:subfield code="a">From NET microfiche: General Series Description: A series of thirteen programs
         based on the novels of Georges Simenon. Noted for the sound psychology of his characters,
         Simenon's stories deal with many nationalities and are set in numerous European cities and
         villages. There are sequences filmed in these locations integrated into the programs. In
         each of the novels chosen for this series, Fate plays a leading role in the development of
         the story and the characters: Background on Georges Simenon: Georges Simenon was born into
         a middle-class family at Liege, Belgium, in 1903. He began his writing career at 16 when he
         bought himself his first pair of long pants and presented himself as a reporter to the
         publisher of the biggest local newspaper who, in amusement, hired him and assigned him to
         the police court beat. One month later the precocious young man was writing a column
         devoted to police reports and civic ceremonies. When he was 20 years old, he bought all the
         current magazines and novels and, using them as models, started to write stories of all
         kinds aimed at all sorts of readers. Under 17 pen names over the next seven years, he
         produced over 300 of these tales. By 1930 he was ready to start on larger works, and it was
         then that he began the famous Inspector Maigret series. Gradually, however, Simenon has
         increasingly become absorbed in writing serious, non-crime novels, although from time to
         time he still continues to bring out a detective novel. For ten years, Simenon lived in the
         United States - in Maine, New York, Florida, Arizona, California and Connecticut -
         eventually producing ten novels with an American background. Among them is "The Brothers
         Rico," which is considered among the finest of his novels. In 1955, Simenon returned to
         Europe and now lives in Switzerland with his wife and four children. Today, at the age of
         65, Georges Simenon has the reputation of being "an author's legend." All told, he is
         credited with having produced nearly 500 books in 45 years. His latest serious novel, "The
         Confessional," was published this spring. "The Belles of Bictre," written in 1964, is
         perhaps his most widely-acclaimed large novel and has been called his greatest achievement.
         His books have been translated into more than 25 languages and more than 40 of them have
         been filmed. His psychological novels have had a great influence on the French cinema.
         Simenon has been admired by leading European and American critics, and he has a wide and
         enthusiastic following. Andre Gide, who at the end of his life was writing a study of
         Simenon's fiction, called him "perhaps the greatest" novelist of contemporary France.
         Thomas Lask, book reviewer of The New York Times, speaks of Simenon's "immaculate sense of
         form," and Thornton Wilder wrote about the novel "The Hitchhiker" that Simenon "has
         revealed a store of beauty and moral strength from the realm of suffering in the homely
         facts of daily life." NET playhouse #88: Thirteen against fate #1: The Lodger A young
         Turkish Jew, Elie Nagear, lies miserably in a hotel bedroom in Brussels. He has a heavy
         cold and feels thoroughly depressed. To make matters worse, he has barely enough money to
         pay the bill: the carpets which he has come to Europe to sell have been held up in Customs.
         His luxury-loving companion, Sylvie Baron, decides it is high time she went to visit her
         family at Charleroi, and high-handedly takes six hundred of Eire's last thousand francs
         with her. Left alone after she has gone, he overhears a conversation in the next room. The
         occupant is a rich Dutchman who is being paid a hundred thousand French francs in cash.
         Elie goes out, buys a heavy wrench, follows the Dutchman onto a train to Paris, and kills
         him. With the police in pursuit, Elie again contacts Sylvie. She arranges for him to lodge
         with her parents in Charleroi. The other lodgers in the house consist mainly of penniless
         students who resent Elie because of the money he is able to throw around. But the young
         Turk soon becomes Mme. Baron's favorite, at first mainly because he is able to pay for full
         pension instead of the students' humble bed-and-breakfast. Even Antoinette, Sylvie's
         sister, and M. Baron, her father, the master of the house who works on the railways, fall
         for his charms. But when Sylvie comes to visit the house again, Antoinette begins to
         suspect that Elie and her sister are old friends. Sylvie is being hounded by the police,
         and when she finds out that they have connected Elie with the Dutchman's murder, she sends
         a letter to Antoinette begging her to persuade Elie to leave the house. When Mme. Baron
         finds the letter, she realizes that Elie is a murderer and tries to force him to go. By
         this time, however, Elie has conceived a neurotic attachment for his landlady and refers to
         her as "Mama." Torn by her own fondness for him in spite of what he had done, Mme. Baron
         doesn't have the heart to expose him. But the police are closing in and even when Sylvie
         dashes back from Brussels to warn him, Elie refuses to leave. After a panic-stricken
         struggle, he submits quietly to arrest. Zia Mohyeddin, the young Pakistani actor whose
         brilliant performance in "A Passage to India" has won him international acclaim, stars as
         Elie Nagear. Suggested Newspaper Listing: NET PLAYHOUSE - "Thirteen Against Fate: The
         Lodger" - One of this series by Georges Simenon, "The Lodger" is the story of a group of
         boarding house lodgers who know a murderer is in their midst but who cannot bring
         themselves to betray him.</marc:subfield>
      </marc:datafield>
      <marc:datafield tag="337" ind1=" " ind2=" ">
         <marc:subfield code="a">Moving Image</marc:subfield>
         <marc:subfield code="2">MAVIS media type controlled vocabulary</marc:subfield>
      </marc:datafield>
      <marc:datafield tag="024" ind1="8" ind2=" ">
         <marc:subfield code="a">1842556</marc:subfield>
         <marc:subfield code="2">MAVIS Title Number</marc:subfield>
      </marc:datafield>
      <marc:datafield tag="024" ind1="8" ind2=" ">
         <marc:subfield code="a">THAF</marc:subfield>
         <marc:subfield code="2">NET/PBS NOLA</marc:subfield>
      </marc:datafield>
      <marc:datafield tag="024" ind1="8" ind2=" ">
         <marc:subfield code="a">1</marc:subfield>
         <marc:subfield code="2">NET/PBS number</marc:subfield>
      </marc:datafield>
      <marc:datafield tag="024" ind1="8" ind2=" ">
         <marc:subfield code="a">88 (NET playhouse)</marc:subfield>
         <marc:subfield code="2">NET/PBS number</marc:subfield>
      </marc:datafield>
      <marc:datafield tag="546" ind1=" " ind2=" ">
         <marc:subfield code="a">English</marc:subfield>
      </marc:datafield>
      <marc:datafield tag="653" ind1=" " ind2=" ">
         <marc:subfield code="a">Murder</marc:subfield>
         <marc:subfield code="0">http://id.loc.gov/authorities/subjects/sh85088613</marc:subfield>
      </marc:datafield>
      <marc:datafield tag="653" ind1=" " ind2=" ">
         <marc:subfield code="a">Boardinghouses</marc:subfield>
         <marc:subfield code="0">http://id.loc.gov/authorities/subjects/sh93000453</marc:subfield>
      </marc:datafield>
      <marc:datafield tag="653" ind1=" " ind2=" ">
         <marc:subfield code="a">Theft</marc:subfield>
         <marc:subfield code="0">http://id.loc.gov/authorities/subjects/sh85127634</marc:subfield>
      </marc:datafield>
      <marc:datafield tag="245" ind1="0" ind2="0">
         <marc:subfield code="a">Thirteen against fate. The lodger.</marc:subfield>
         <marc:subfield code="b">a National Educational Television presentation
         ; produced by Irene Shubik for the British Broadcasting Corporation ; NET producer, Kay
         Chessid ; director, James Ferman ; dramatization by Hugh Leonard.</marc:subfield>
      </marc:datafield>
      <marc:datafield tag="246" ind1="3" ind2="3">
         <marc:subfield code="a">Locataire, Le.</marc:subfield>
      </marc:datafield>
      <marc:datafield tag="246" ind1="3" ind2="3">
         <marc:subfield code="a">The lodger.</marc:subfield>
      </marc:datafield>
      <marc:datafield tag="246" ind1="3" ind2="3">
         <marc:subfield code="a">NET playhouse. 13 against fate. The
         lodger.</marc:subfield>
      </marc:datafield>
      <marc:datafield tag="246" ind1="3" ind2="3">
         <marc:subfield code="a">NET playhouse. [1968-06-14], Thirteen against fate.
         [No. 1], The lodger.</marc:subfield>
      </marc:datafield>
      <marc:datafield tag="246" ind1="3" ind2="3">
         <marc:subfield code="a">NET playhouse. [No. 88], Thirteen against fate. [No.
         1], The lodger.</marc:subfield>
      </marc:datafield>
      <marc:datafield tag="246" ind1="3" ind2="3">
         <marc:subfield code="a">NET playhouse. Thirteen against fate. The
         lodger.</marc:subfield>
      </marc:datafield>
      <marc:datafield tag="246" ind1="3" ind2="3">
         <marc:subfield code="a">Thirteen against fate. [No. 1], The
         lodger.</marc:subfield>
      </marc:datafield>
      <marc:datafield tag="246" ind1="3" ind2="3">
         <marc:subfield code="a">13 against fate. The lodger.</marc:subfield>
      </marc:datafield>
      <marc:datafield tag="655" ind1=" " ind2="0">
         <marc:subfield code="a">Fiction television programs
         (lcgft)</marc:subfield>
         <marc:subfield code="0">http://id.loc.gov/authorities/genreForms/gf2011026252\n</marc:subfield>
      </marc:datafield>
   </marc:record>