
   <marc:record>
      <marc:leader>      am         3u     </marc:leader>
      <marc:datafield tag="042" ind1=" " ind2=" ">
         <marc:subfield code="a">dc</marc:subfield>
      </marc:datafield>
      <marc:datafield tag="720" ind1=" " ind2=" ">
         <marc:subfield code="a">Goodliffe, Michael</marc:subfield>
         <marc:subfield code="e">Cast/Actor</marc:subfield>
         <marc:subfield code="0">http://id.loc.gov/authorities/names/nr98017171</marc:subfield>
      </marc:datafield>
      <marc:datafield tag="720" ind1=" " ind2=" ">
         <marc:subfield code="a">Exton, Clive</marc:subfield>
         <marc:subfield code="e">Adapter/Dramatization</marc:subfield>
         <marc:subfield code="0">http://id.loc.gov/authorities/names/n77005545</marc:subfield>
      </marc:datafield>
      <marc:datafield tag="720" ind1=" " ind2=" ">
         <marc:subfield code="a">National Educational Television and Radio Center</marc:subfield>
         <marc:subfield code="e">Broadcaster</marc:subfield>
         <marc:subfield code="0">http://id.loc.gov/authorities/names/n80050382</marc:subfield>
      </marc:datafield>
      <marc:datafield tag="720" ind1=" " ind2=" ">
         <marc:subfield code="a">Finlay,
         Frank</marc:subfield>
         <marc:subfield code="e">Cast/Actor</marc:subfield>
         <marc:subfield code="0">http://id.loc.gov/authorities/names/n85194025</marc:subfield>
      </marc:datafield>
      <marc:datafield tag="720" ind1=" " ind2=" ">
         <marc:subfield code="a">Brook,
         Lyndon</marc:subfield>
         <marc:subfield code="e">Cast/Actor</marc:subfield>
         <marc:subfield code="0">http://id.loc.gov/authorities/names/no2003014715</marc:subfield>
      </marc:datafield>
      <marc:datafield tag="720" ind1=" " ind2=" ">
         <marc:subfield code="a">Crosbie, Annette</marc:subfield>
         <marc:subfield code="e">Cast/Actor</marc:subfield>
         <marc:subfield code="0">http://id.loc.gov/authorities/names/no98076116</marc:subfield>
      </marc:datafield>
      <marc:datafield tag="720" ind1=" " ind2=" ">
         <marc:subfield code="a">Spenser, Jeremy</marc:subfield>
         <marc:subfield code="e">Cast/Actor</marc:subfield>
         <marc:subfield code="0">http://id.loc.gov/authorities/names/no2004022970</marc:subfield>
      </marc:datafield>
      <marc:datafield tag="720" ind1=" " ind2=" ">
         <marc:subfield code="a">Bridges,
         Alan</marc:subfield>
         <marc:subfield code="e">Director</marc:subfield>
         <marc:subfield code="0">http://id.loc.gov/authorities/names/n86075277</marc:subfield>
      </marc:datafield>
      <marc:datafield tag="720" ind1=" " ind2=" ">
         <marc:subfield code="a">British Broadcasting Corporation</marc:subfield>
         <marc:subfield code="e">Production Company</marc:subfield>
         <marc:subfield code="0">http://id.loc.gov/authorities/names/n79074359</marc:subfield>
      </marc:datafield>
      <marc:datafield tag="720" ind1=" " ind2=" ">
         <marc:subfield code="a">Simenon, Georges</marc:subfield>
         <marc:subfield code="e">Author/Based on</marc:subfield>
         <marc:subfield code="0">http://id.loc.gov/authorities/names/n79054014</marc:subfield>
      </marc:datafield>
      <marc:datafield tag="720" ind1=" " ind2=" ">
         <marc:subfield code="a">Shubik,
         Irene</marc:subfield>
         <marc:subfield code="e">Producer</marc:subfield>
         <marc:subfield code="0">http://id.loc.gov/authorities/names/no2004016619</marc:subfield>
      </marc:datafield>
      <marc:datafield tag="720" ind1=" " ind2=" ">
         <marc:subfield code="a">Chessid, Kay</marc:subfield>
         <marc:subfield code="e">Producer</marc:subfield>
      </marc:datafield>
      <marc:datafield tag="260" ind1=" " ind2=" ">
         <marc:subfield code="c">1968-8-16</marc:subfield>
      </marc:datafield>
      <marc:datafield tag="260" ind1=" " ind2=" ">
         <marc:subfield code="c">1966-8-28</marc:subfield>
      </marc:datafield>
      <marc:datafield tag="520" ind1=" " ind2=" ">
         <marc:subfield code="a">From NET microfiche: General Series Description: A series of thirteen programs
         based on the novels of Georges Simenon. Noted for the sound psychology of his characters,
         Simenon's stories deal with many nationalities and are set in numerous European cities and
         villages. There are sequences filmed in these locations integrated into the programs. In
         each of the novels chosen for this series, Fate plays a leading role in the development of
         the story and the characters: Background on Georges Simenon: Georges Simenon was born into
         a middle-class family at Liege, Belgium, in 1903. He began his writing career at 16 when he
         bought himself his first pair of long pants and presented himself as a reporter to the
         publisher of the biggest local newspaper who, in amusement, hired him and assigned him to
         the police court beat. One month later the precocious young man was writing a column
         devoted to police reports and civic ceremonies. When he was 20 years old, he bought all the
         current magazines and novels and, using them as models, started to write stories of all
         kinds aimed at all sorts of readers. Under 17 pen names over the next seven years, he
         produced over 300 of these tales. By 1930 he was ready to start on larger works, and it was
         then that he began the famous Inspector Maigret series. Gradually, however, Simenon has
         increasingly become absorbed in writing serious, non-crime novels, although from time to
         time he still continues to bring out a detective novel. For ten years, Simenon lived in the
         United States - in Maine, New York, Florida, Arizona, California and Connecticut -
         eventually producing ten novels with an American background. Among them is "The Brothers
         Rico," which is considered among the finest of his novels. In 1955, Simenon returned to
         Europe and now lives in Switzerland with his wife and four children. Today, at the age of
         65, Georges Simenon has the reputation of being "an author's legend." All told, he is
         credited with having produced nearly 500 books in 45 years. His latest serious novel, "The
         Confessional," was published this spring. "The Belles of Bictre," written in 1964, is
         perhaps his most widely-acclaimed large novel and has been called his greatest achievement.
         His books have been translated into more than 25 languages and more than 40 of them have
         been filmed. His psychological novels have had a great influence on the French cinema.
         Simenon has been admired by leading European and American critics, and he has a wide and
         enthusiastic following. Andre Gide, who at the end of his life was writing a study of
         Simenon's fiction, called him "perhaps the greatest" novelist of contemporary France.
         Thomas Lask, book reviewer of The New York Times, speaks of Simenon's "immaculate sense of
         form," and Thornton Wilder wrote about the novel "The Hitchhiker" that Simenon "has
         revealed a store of beauty and moral strength from the realm of suffering in the homely
         facts of daily life." NET Playhouse #97: Thirteen Against Fate #11: The Murderer For some
         time. Dr. Hans Kuperus has suspected his wife, Alice, of being unfaithful to him. One
         evening, when he is supposed to be attending a meeting of the Biological Association in
         Amsterdam, he follows her as she makes straight for her rendezvous with Schutter, one of
         the most influential citizens in their little Dutch town of Sneek. Outside the bungalow,
         Kuperus lies in wait for the guilty couple, and as they emerge he slowly raises his
         revolver... With Alice and Schutter dead and their bodies hidden in a canal, Kuperus
         returns home to the maidservant, Nell, with whom he has been carrying on illicitly.
         However, he now discovers that Nell's lover, Karl, an itinerant waiter, has been living in
         the house for the past five months, unknown to Kuperus or his wife. This sudden knowledge
         of Nell's deceit begins the undermining of the doctor's confidence. When the bodies of
         Alice and Schutter are discovered and Kuperus is summoned to identify his wife, he finds
         that he is not as tough as he had thought. Hurriedly and foolishly, he offers Karl money to
         leave the house, when, later, Karl is picked up for questioning by the police and his
         criminal record is uncovered, his explanation as to why Kuperus gave him money is scarcely
         believed. During an uncomfortable interview with the police superintendent (who has deep
         suspicions of Kuperus although he possesses no concrete evidence to connect the "good"
         doctor with the double crime), Kuperus is warned to leave town to avoid scandal. Refusing
         to be intimidated, Kuperus seeks the help of an old friend, a lawyer, to institute action
         against the police for defamation of character. But, in keeping with the staid character of
         the town, the lawyer refuses to have anything to do with him. For in a stupid and futile
         gesture of defiance, Kuperus had publicized the fact that Nell was living with him in the
         house as his mistress. One by one his patients leave him. He faces social ostracism. At
         last, left alone with the knowledge of his own guilt and with the indifferent Nell as his
         only companion, Kuperus begins to disintegrate. Soon, the first anonymous letter arrives
         calling him "Murderer" ... Filmed sequences of the program were shot on location in
         Holland. Frank Finlay, of Britain's National Theatre Company, stars as Dr. Hans Kuperus.
         Suggested Newspaper Listing: NET Playhouse - "Thirteen Against Fate: The Murderer" - Frank
         Finlay stars as a respectable Dutch doctor who murders his wife and her lover and, although
         never convicted of the crime, pays for his freedom in an unforeseen way.</marc:subfield>
      </marc:datafield>
      <marc:datafield tag="337" ind1=" " ind2=" ">
         <marc:subfield code="a">Moving Image</marc:subfield>
         <marc:subfield code="2">MAVIS media type controlled vocabulary</marc:subfield>
      </marc:datafield>
      <marc:datafield tag="024" ind1="8" ind2=" ">
         <marc:subfield code="a">1654769</marc:subfield>
         <marc:subfield code="2">MAVIS Title Number</marc:subfield>
      </marc:datafield>
      <marc:datafield tag="024" ind1="8" ind2=" ">
         <marc:subfield code="a">THAF</marc:subfield>
         <marc:subfield code="2">NET/PBS NOLA</marc:subfield>
      </marc:datafield>
      <marc:datafield tag="024" ind1="8" ind2=" ">
         <marc:subfield code="a">11</marc:subfield>
         <marc:subfield code="2">NET/PBS number</marc:subfield>
      </marc:datafield>
      <marc:datafield tag="024" ind1="8" ind2=" ">
         <marc:subfield code="a">98 (NET playhouse)</marc:subfield>
         <marc:subfield code="2">NET/PBS number</marc:subfield>
      </marc:datafield>
      <marc:datafield tag="546" ind1=" " ind2=" ">
         <marc:subfield code="a">English</marc:subfield>
      </marc:datafield>
      <marc:datafield tag="653" ind1=" " ind2=" ">
         <marc:subfield code="a">Murder</marc:subfield>
         <marc:subfield code="0">http://id.loc.gov/authorities/subjects/sh85088613</marc:subfield>
      </marc:datafield>
      <marc:datafield tag="653" ind1=" " ind2=" ">
         <marc:subfield code="a">Adultery</marc:subfield>
         <marc:subfield code="0">http://id.loc.gov/authorities/subjects/sh85001045</marc:subfield>
      </marc:datafield>
      <marc:datafield tag="245" ind1="0" ind2="0">
         <marc:subfield code="a">Thirteen against fate. The murderer.</marc:subfield>
         <marc:subfield code="b">a National Educational Television presentation
         ; produced by Irene Shubik for the British Broadcasting Corporation ; NET producer, Kay
         Chessid ; director, Alan Bridges ; dramatization by Clive Exton.</marc:subfield>
      </marc:datafield>
      <marc:datafield tag="246" ind1="3" ind2="3">
         <marc:subfield code="a">L'assassin.</marc:subfield>
      </marc:datafield>
      <marc:datafield tag="246" ind1="3" ind2="3">
         <marc:subfield code="a">The murderer.</marc:subfield>
      </marc:datafield>
      <marc:datafield tag="246" ind1="3" ind2="3">
         <marc:subfield code="a">NET playhouse. 13 against fate. The
         murderer.</marc:subfield>
      </marc:datafield>
      <marc:datafield tag="246" ind1="3" ind2="3">
         <marc:subfield code="a">13 against fate. The murderer.</marc:subfield>
      </marc:datafield>
      <marc:datafield tag="246" ind1="3" ind2="3">
         <marc:subfield code="a">NET playhouse. [1968-08-16]. Thirteen against fate.
         [No. 11], The murderer.</marc:subfield>
      </marc:datafield>
      <marc:datafield tag="246" ind1="3" ind2="3">
         <marc:subfield code="a">NET playhouse. [No. 98], Thirteen against fate. [No.
         11], The murderer.</marc:subfield>
      </marc:datafield>
      <marc:datafield tag="246" ind1="3" ind2="3">
         <marc:subfield code="a">NET playhouse. Thirteen against fate. The
         murderer.</marc:subfield>
      </marc:datafield>
      <marc:datafield tag="246" ind1="3" ind2="3">
         <marc:subfield code="a">Thirteen against fate. [No. 11], The
         murderer.</marc:subfield>
      </marc:datafield>
      <marc:datafield tag="246" ind1="3" ind2="3">
         <marc:subfield code="a">The murdered.</marc:subfield>
      </marc:datafield>
      <marc:datafield tag="655" ind1=" " ind2="0">
         <marc:subfield code="a">Fiction television programs
         (lcgft)</marc:subfield>
         <marc:subfield code="0">http://id.loc.gov/authorities/genreForms/gf2011026252\n</marc:subfield>
      </marc:datafield>
   </marc:record>