
   <marc:record>
      <marc:leader>      am         3u     </marc:leader>
      <marc:datafield tag="042" ind1=" " ind2=" ">
         <marc:subfield code="a">dc</marc:subfield>
      </marc:datafield>
      <marc:datafield tag="720" ind1=" " ind2=" ">
         <marc:subfield code="a">Paul, Jeremy</marc:subfield>
         <marc:subfield code="e">Adapter/Dramatization</marc:subfield>
         <marc:subfield code="0">http://id.loc.gov/authorities/names/n96077726</marc:subfield>
      </marc:datafield>
      <marc:datafield tag="720" ind1=" " ind2=" ">
         <marc:subfield code="a">National Educational Television and Radio Center</marc:subfield>
         <marc:subfield code="e">Broadcaster</marc:subfield>
         <marc:subfield code="0">http://id.loc.gov/authorities/names/n80050382</marc:subfield>
      </marc:datafield>
      <marc:datafield tag="720" ind1=" " ind2=" ">
         <marc:subfield code="a">Colin, Ian</marc:subfield>
         <marc:subfield code="e">Cast/Actor</marc:subfield>
      </marc:datafield>
      <marc:datafield tag="720" ind1=" " ind2=" ">
         <marc:subfield code="a">Ward,
         Simon, 1941-2012</marc:subfield>
         <marc:subfield code="e">Cast/Actor</marc:subfield>
         <marc:subfield code="0">http://id.loc.gov/authorities/names/nr90020096</marc:subfield>
      </marc:datafield>
      <marc:datafield tag="720" ind1=" " ind2=" ">
         <marc:subfield code="a">Miller,
         Joan, 1910-1988</marc:subfield>
         <marc:subfield code="e">Cast/Actor</marc:subfield>
         <marc:subfield code="0">http://id.loc.gov/authorities/names/n2009035291</marc:subfield>
      </marc:datafield>
      <marc:datafield tag="720" ind1=" " ind2=" ">
         <marc:subfield code="a">Cruickshank, Marty</marc:subfield>
         <marc:subfield code="e">Cast/Actor</marc:subfield>
         <marc:subfield code="0">http://id.loc.gov/authorities/names/no2008015344</marc:subfield>
      </marc:datafield>
      <marc:datafield tag="720" ind1=" " ind2=" ">
         <marc:subfield code="a">Woolgar, Jack</marc:subfield>
         <marc:subfield code="e">Cast/Actor</marc:subfield>
      </marc:datafield>
      <marc:datafield tag="720" ind1=" " ind2=" ">
         <marc:subfield code="a">Harris,
         Max</marc:subfield>
         <marc:subfield code="e">Music</marc:subfield>
         <marc:subfield code="0">http://id.loc.gov/authorities/names/n85105485</marc:subfield>
      </marc:datafield>
      <marc:datafield tag="720" ind1=" " ind2=" ">
         <marc:subfield code="a">Dunn, Clive</marc:subfield>
         <marc:subfield code="e">Cast/Actor</marc:subfield>
      </marc:datafield>
      <marc:datafield tag="720" ind1=" " ind2=" ">
         <marc:subfield code="a">British Broadcasting Corporation</marc:subfield>
         <marc:subfield code="e">Production Company</marc:subfield>
         <marc:subfield code="0">http://id.loc.gov/authorities/names/n79074359</marc:subfield>
      </marc:datafield>
      <marc:datafield tag="720" ind1=" " ind2=" ">
         <marc:subfield code="a">Hussein,
         Waris</marc:subfield>
         <marc:subfield code="e">Director</marc:subfield>
         <marc:subfield code="0">http://id.loc.gov/authorities/names/n88051133</marc:subfield>
      </marc:datafield>
      <marc:datafield tag="720" ind1=" " ind2=" ">
         <marc:subfield code="a">Simenon, Georges</marc:subfield>
         <marc:subfield code="e">Author/Based on</marc:subfield>
         <marc:subfield code="0">http://id.loc.gov/authorities/names/n79054014</marc:subfield>
      </marc:datafield>
      <marc:datafield tag="720" ind1=" " ind2=" ">
         <marc:subfield code="a">Shubik,
         Irene</marc:subfield>
         <marc:subfield code="e">Producer</marc:subfield>
         <marc:subfield code="0">http://id.loc.gov/authorities/names/no2004016619</marc:subfield>
      </marc:datafield>
      <marc:datafield tag="720" ind1=" " ind2=" ">
         <marc:subfield code="a">Chessid, Kay</marc:subfield>
         <marc:subfield code="e">Producer</marc:subfield>
      </marc:datafield>
      <marc:datafield tag="260" ind1=" " ind2=" ">
         <marc:subfield code="c">1966-8-21</marc:subfield>
      </marc:datafield>
      <marc:datafield tag="260" ind1=" " ind2=" ">
         <marc:subfield code="c">1968-8-9</marc:subfield>
      </marc:datafield>
      <marc:datafield tag="520" ind1=" " ind2=" ">
         <marc:subfield code="a">From NET microfiche: General Series Description: A series of thirteen programs
         based on the novels of Georges Simenon. Noted for the sound psychology of his characters,
         Simenon's stories deal with many nationalities and are set in numerous European cities and
         villages. There are sequences filmed in these locations integrated into the programs. In
         each of the novels chosen for this series, Fate plays a leading role in the development of
         the story and the characters: Background on Georges Simenon: Georges Simenon was born into
         a middle-class family at Liege, Belgium, in 1903. He began his writing career at 16 when he
         bought himself his first pair of long pants and presented himself as a reporter to the
         publisher of the biggest local newspaper who, in amusement, hired him and assigned him to
         the police court beat. One month later the precocious young man was writing a column
         devoted to police reports and civic ceremonies. When he was 20 years old, he bought all the
         current magazines and novels and, using them as models, started to write stories of all
         kinds aimed at all sorts of readers. Under 17 pen names over the next seven years, he
         produced over 300 of these tales. By 1930 he was ready to start on larger works, and it was
         then that he began the famous Inspector Maigret series. Gradually, however, Simenon has
         increasingly become absorbed in writing serious, non-crime novels, although from time to
         time he still continues to bring out a detective novel. For ten years, Simenon lived in the
         United States - in Maine, New York, Florida, Arizona, California and Connecticut -
         eventually producing ten novels with an American background. Among them is "The Brothers
         Rico," which is considered among the finest of his novels. In 1955, Simenon returned to
         Europe and now lives in Switzerland with his wife and four children. Today, at the age of
         65, Georges Simenon has the reputation of being "an author's legend." All told, he is
         credited with having produced nearly 500 books in 45 years. His latest serious novel, "The
         Confessional," was published this spring. "The Belles of Bictre," written in 1964, is
         perhaps his most widely-acclaimed large novel and has been called his greatest achievement.
         His books have been translated into more than 25 languages and more than 40 of them have
         been filmed. His psychological novels have had a great influence on the French cinema.
         Simenon has been admired by leading European and American critics, and he has a wide and
         enthusiastic following. Andre Gide, who at the end of his life was writing a study of
         Simenon's fiction, called him "perhaps the greatest" novelist of contemporary France.
         Thomas Lask, book reviewer of The New York Times, speaks of Simenon's "immaculate sense of
         form," and Thornton Wilder wrote about the novel "The Hitchhiker" that Simenon "has
         revealed a store of beauty and moral strength from the realm of suffering in the homely
         facts of daily life." NET Playhouse #96: Thirteen Against Fate #10: The Son As 17-year-old
         Alain Malou is coming home from school, he sees a commotion in the street. His father,
         Eugene Malou, has just shot himself. Stunned and horrified, he determines to find out what
         could have driven his father to such an act. His family is of little help. His mother and
         brother, both shallow and selfish, seem incapable of any real feeling. His sister Corine,
         is almost entirely taken up with her own affair with a married man. It is evident that
         Alain must find out the truth for himself. The facts that he uncovers about the real Eugene
         Malou are not exactly what he expected. After the funeral, Alain decides to leave school
         and get a job. At the Three Pigeons Hotel, where he finds a room, the proprietress tells
         him that his father used to come often to the bar to meet a friend - a certain Joseph
         Bourgues. It appears that Bourgues and Malou belonged formerly to a left-wing extremist
         organization, and when Bourgues was sent to prison, Malou managed to get him released and
         gavehim money for a fresh start. Alain next discovers that his father had built a housing
         project, called Malouville, intended to house working people. But when the authorities
         found out how much the project was going to cost, they refused to advance Malou all the
         money he needed to finish the building. This had led to ill-feeling among the residents in
         the project, who felt that Malou had let them down with false promises. The project had
         been allowed to fall into disrepair, and Malou went bankrupt. Corine, bitter at the town's
         hostility, comes to see Alain and tells him that their father was a blackmailer. He had
         come into possession of certain facts about the town's leading citizens when he was writing
         a weekly gossip column for the Yellow Press. This is the real reason for the town's
         hostility toward the Malou family. Angry and unhappy, Alain doesn't know what to believe.
         Then Corine tells him that their father had cancer. For reassurance, Alain turns to his
         father's old friend, Bourgues. The old man tells him it is true that Eugene Malou made
         money through blackmail. But those he blackmailed were far more evil than he: they loved
         money for its own sake. Eugene used the money to help those in difficulty or in trouble.
         Bourgues tells the heartbroken son not to hate his father just because he was no saint.
         Satisfied that at last he understands what kind of person his father really was, Alain
         decides to go to Paris and make a new life for himself. Filmed sequences of "The Son" were
         shot on location in the Norman town of Caen. Suggested Newspaper Listing: NET Playhouse -
         "Thirteen Against Fate: The Son" - When 17-year-old Alain Malou sets out to find what drove
         his father to suicide, he uncovers some unpleasant facts about his family
         background.</marc:subfield>
      </marc:datafield>
      <marc:datafield tag="337" ind1=" " ind2=" ">
         <marc:subfield code="a">Moving Image</marc:subfield>
         <marc:subfield code="2">MAVIS media type controlled vocabulary</marc:subfield>
      </marc:datafield>
      <marc:datafield tag="024" ind1="8" ind2=" ">
         <marc:subfield code="a">2410251</marc:subfield>
         <marc:subfield code="2">MAVIS Title Number</marc:subfield>
      </marc:datafield>
      <marc:datafield tag="024" ind1="8" ind2=" ">
         <marc:subfield code="a">THAF</marc:subfield>
         <marc:subfield code="2">NET/PBS NOLA</marc:subfield>
      </marc:datafield>
      <marc:datafield tag="024" ind1="8" ind2=" ">
         <marc:subfield code="a">10</marc:subfield>
         <marc:subfield code="2">NET/PBS number</marc:subfield>
      </marc:datafield>
      <marc:datafield tag="024" ind1="8" ind2=" ">
         <marc:subfield code="a">97 (NET playhouse)</marc:subfield>
         <marc:subfield code="2">NET/PBS number</marc:subfield>
      </marc:datafield>
      <marc:datafield tag="546" ind1=" " ind2=" ">
         <marc:subfield code="a">English</marc:subfield>
      </marc:datafield>
      <marc:datafield tag="653" ind1=" " ind2=" ">
         <marc:subfield code="a">Suicide</marc:subfield>
         <marc:subfield code="0">http://id.loc.gov/authorities/subjects/sh85129742</marc:subfield>
      </marc:datafield>
      <marc:datafield tag="653" ind1=" " ind2=" ">
         <marc:subfield code="a">Fathers and sons</marc:subfield>
         <marc:subfield code="0">http://id.loc.gov/authorities/subjects/sh85047455</marc:subfield>
      </marc:datafield>
      <marc:datafield tag="653" ind1=" " ind2=" ">
         <marc:subfield code="a">Extortion</marc:subfield>
         <marc:subfield code="0">http://id.loc.gov/authorities/subjects/sh85046572</marc:subfield>
      </marc:datafield>
      <marc:datafield tag="245" ind1="0" ind2="0">
         <marc:subfield code="a">Thirteen against fate. The son.</marc:subfield>
         <marc:subfield code="b">a National Educational Television presentation
         ; produced by Irene Shubik for the British Broadcasting Corporation ; NET producer, Kay
         Chessid ; director, Waris Hussein ; dramatization by Jeremy Paul.</marc:subfield>
      </marc:datafield>
      <marc:datafield tag="246" ind1="3" ind2="3">
         <marc:subfield code="a">Destin des Malous, Le.</marc:subfield>
      </marc:datafield>
      <marc:datafield tag="246" ind1="3" ind2="3">
         <marc:subfield code="a">The son.</marc:subfield>
      </marc:datafield>
      <marc:datafield tag="246" ind1="3" ind2="3">
         <marc:subfield code="a">NET playhouse. 13 against fate. The
         son.</marc:subfield>
      </marc:datafield>
      <marc:datafield tag="246" ind1="3" ind2="3">
         <marc:subfield code="a">13 against fate. The son.</marc:subfield>
      </marc:datafield>
      <marc:datafield tag="246" ind1="3" ind2="3">
         <marc:subfield code="a">NET playhouse. [1968-08-09]. Thirteen against fate.
         [No. 10], The son.</marc:subfield>
      </marc:datafield>
      <marc:datafield tag="246" ind1="3" ind2="3">
         <marc:subfield code="a">NET playhouse. [No. 97], Thirteen against fate. [No.
         10], The son.</marc:subfield>
      </marc:datafield>
      <marc:datafield tag="246" ind1="3" ind2="3">
         <marc:subfield code="a">NET playhouse. Thirteen against fate. The
         son.</marc:subfield>
      </marc:datafield>
      <marc:datafield tag="246" ind1="3" ind2="3">
         <marc:subfield code="a">Thirteen against fate. [No. 10], The son.</marc:subfield>
      </marc:datafield>
      <marc:datafield tag="655" ind1=" " ind2="0">
         <marc:subfield code="a">Fiction television programs
         (lcgft)</marc:subfield>
         <marc:subfield code="0">http://id.loc.gov/authorities/genreForms/gf2011026252\n</marc:subfield>
      </marc:datafield>
   </marc:record>