
   <marc:record>
      <marc:leader>      am         3u     </marc:leader>
      <marc:datafield tag="042" ind1=" " ind2=" ">
         <marc:subfield code="a">dc</marc:subfield>
      </marc:datafield>
      <marc:datafield tag="720" ind1=" " ind2=" ">
         <marc:subfield code="a">Garfield, David</marc:subfield>
         <marc:subfield code="e">Cast/Actor</marc:subfield>
         <marc:subfield code="0">http://id.loc.gov/authorities/names/n80011684</marc:subfield>
      </marc:datafield>
      <marc:datafield tag="720" ind1=" " ind2=" ">
         <marc:subfield code="a">National Educational Television and Radio Center</marc:subfield>
         <marc:subfield code="e">Broadcaster</marc:subfield>
         <marc:subfield code="0">http://id.loc.gov/authorities/names/n80050382</marc:subfield>
      </marc:datafield>
      <marc:datafield tag="720" ind1=" " ind2=" ">
         <marc:subfield code="a">Goring,
         Marius</marc:subfield>
         <marc:subfield code="e">Cast/Actor</marc:subfield>
         <marc:subfield code="0">http://id.loc.gov/authorities/names/no91017477</marc:subfield>
      </marc:datafield>
      <marc:datafield tag="720" ind1=" " ind2=" ">
         <marc:subfield code="a">Miller, Mary, 1933-</marc:subfield>
         <marc:subfield code="e">Cast/Actor</marc:subfield>
      </marc:datafield>
      <marc:datafield tag="720" ind1=" " ind2=" ">
         <marc:subfield code="a">Rollason, Jon</marc:subfield>
         <marc:subfield code="e">Cast/Actor</marc:subfield>
         <marc:subfield code="0">http://id.loc.gov/authorities/names/no2008081651</marc:subfield>
      </marc:datafield>
      <marc:datafield tag="720" ind1=" " ind2=" ">
         <marc:subfield code="a">Giltinan, Donal</marc:subfield>
         <marc:subfield code="e">Adapter/Dramatization</marc:subfield>
      </marc:datafield>
      <marc:datafield tag="720" ind1=" " ind2=" ">
         <marc:subfield code="a">British Broadcasting Corporation</marc:subfield>
         <marc:subfield code="e">Production Company</marc:subfield>
         <marc:subfield code="0">http://id.loc.gov/authorities/names/n79074359</marc:subfield>
      </marc:datafield>
      <marc:datafield tag="720" ind1=" " ind2=" ">
         <marc:subfield code="a">Simenon, Georges</marc:subfield>
         <marc:subfield code="e">Author/Based on</marc:subfield>
         <marc:subfield code="0">http://id.loc.gov/authorities/names/n79054014</marc:subfield>
      </marc:datafield>
      <marc:datafield tag="720" ind1=" " ind2=" ">
         <marc:subfield code="a">Shubik,
         Irene</marc:subfield>
         <marc:subfield code="e">Producer</marc:subfield>
         <marc:subfield code="0">http://id.loc.gov/authorities/names/no2004016619</marc:subfield>
      </marc:datafield>
      <marc:datafield tag="720" ind1=" " ind2=" ">
         <marc:subfield code="a">Hayes,
         Michael, 1929-2014</marc:subfield>
         <marc:subfield code="e">Director</marc:subfield>
         <marc:subfield code="0">http://id.loc.gov/authorities/names/no2009186489</marc:subfield>
      </marc:datafield>
      <marc:datafield tag="720" ind1=" " ind2=" ">
         <marc:subfield code="a">Chessid, Kay</marc:subfield>
         <marc:subfield code="e">Producer</marc:subfield>
      </marc:datafield>
      <marc:datafield tag="260" ind1=" " ind2=" ">
         <marc:subfield code="c">1968-8-23</marc:subfield>
      </marc:datafield>
      <marc:datafield tag="260" ind1=" " ind2=" ">
         <marc:subfield code="c">1966-9-4</marc:subfield>
      </marc:datafield>
      <marc:datafield tag="520" ind1=" " ind2=" ">
         <marc:subfield code="a">From NET microfiche: General Series Description: A series of thirteen programs
         based on the novels of Georges Simenon. Noted for the sound psychology of his characters,
         Simenon's stories deal with many nationalities and are set in numerous European cities and
         villages. There are sequences filmed in these locations integrated into the programs. In
         each of the novels chosen for this series, Fate plays a leading role in the development of
         the story and the characters: Background on Georges Simenon: Georges Simenon was born into
         a middle-class family at Liege, Belgium, in 1903. He began his writing career at 16 when he
         bought himself his first pair of long pants and presented himself as a reporter to the
         publisher of the biggest local newspaper who, in amusement, hired him and assigned him to
         the police court beat. One month later the precocious young man was writing a column
         devoted to police reports and civic ceremonies. When he was 20 years old, he bought all the
         current magazines and novels and, using them as models, started to write stories of all
         kinds aimed at all sorts of readers. Under 17 pen names over the next seven years, he
         produced over 300 of these tales. By 1930 he was ready to start on larger works, and it was
         then that he began the famous Inspector Maigret series. Gradually, however, Simenon has
         increasingly become absorbed in writing serious, non-crime novels, although from time to
         time he still continues to bring out a detective novel. For ten years, Simenon lived in the
         United States - in Maine, New York, Florida, Arizona, California and Connecticut -
         eventually producing ten novels with an American background. Among them is "The Brothers
         Rico," which is considered among the finest of his novels. In 1955, Simenon returned to
         Europe and now lives in Switzerland with his wife and four children. Today, at the age of
         65, Georges Simenon has the reputation of being "an author's legend." All told, he is
         credited with having produced nearly 500 books in 45 years. His latest serious novel, "The
         Confessional," was published this spring. "The Belles of Bictre," written in 1964, is
         perhaps his most widely-acclaimed large novel and has been called his greatest achievement.
         His books have been translated into more than 25 languages and more than 40 of them have
         been filmed. His psychological novels have had a great influence on the French cinema.
         Simenon has been admired by leading European and American critics, and he has a wide and
         enthusiastic following. Andre Gide, who at the end of his life was writing a study of
         Simenon's fiction, called him "perhaps the greatest" novelist of contemporary France.
         Thomas Lask, book reviewer of The New York Times, speaks of Simenon's "immaculate sense of
         form," and Thornton Wilder wrote about the novel "The Hitchhiker" that Simenon "has
         revealed a store of beauty and moral strength from the realm of suffering in the homely
         facts of daily life." NET Playhouse #98: Thirteen Against Fate #12: The Suspect Running
         Time: 1:00:06 Original broadcast: August 23, 1968 For many years M. Hire has lived a
         recluse's existence in a seedy Paris lodging house. He has no friends, receives no letters,
         goes out only to his office or to the cinema. One evening, a brutal killing occurs nearby.
         A young girl is murdered and her handbag is snatched. When Hire's landlady -- a shrill
         busybody and gossip - sees a towel in Hire's room, covered with blood from a shaving cut,
         she jumps to the wrong conclusion and suspects him of the murder. And when she recalls that
         very late during the night of the crime, she had to pull the cord by her bed to let someone
         into the house, she is doubly convinced of Hire's guilt. Hardly able to suppress her
         excitement and self-importance she informs the police of her suspicions. In his isolation,
         Hire had been in the habit of watching through his window into the room of another occupant
         of the house, Alice, who helps the concierge with the work. And so when the
         good-lookingyoung woman, consumed by curiosity, pushes her way into his room on the pretext
         of delivering an envelope to him, Hire finds it impossible to refuse her admittance. As
         soon as she sees the arrangement of his room, Alice realizes that Hire can see into her
         room. In panic, she begins to seduce the lonely man. She tells him that the man he must
         have seen visiting her, often late at night, is just a casual lover. And, certain that Hire
         saw the lover Emile visit her the night of the murder and give her the victim's handbag to
         hide, Alice confesses that Emile is indeed the real killer. She says both she and Hire are
         in danger for Emile is violent and will kill them both if they talk. Hire is now thoroughly
         infatuated with Alice and convinced that she loves him. And so when he receives a summons
         from the police for questioning, he resolves to take Alice away with him. Afterwards he
         will send a letter to the authorities telling them that Emile is the murderer. He does not
         know that he, himself, is the prime suspect. But the police have uncovered the prison
         record which turned Hire into a recluse, and the net is closing around him. Only one piece
         of substantial evidence is needed to convict him. To keep him quiet and happy, Alice agrees
         to go away with Hire and, while he is out, she plants the handbag in his room. Now the
         police follow him on his final errands, see him go to a jeweller's to buy a ring, and then
         to the railroad station where, just before the arrival of the train which will carry him
         and Alice away to Venice, he mails a letter. But the train comes -- and goes -- and
         bewildered, he wanders back to the house in search of Alice, who tries to hide from him.
         The truth about Alice's deceit slowly sinks into his consciousness. Then, pursued by the
         police, while a mob of avid, scandal hungry neighbors surround him, he rushes distractedly
         upstairs, onto the roof, and falls to his death. Film sequences of "The Suspect" were shot
         on location in the St. Denis area of Paris. Suggested Newspaper Listing: NET Playhouse -
         "Thirteen Against Fate: The Suspect" - A middle-aged recluse becomes involved in a young
         girl's murder when his landlady discovers a blood-stained hand towel in his
         room.</marc:subfield>
      </marc:datafield>
      <marc:datafield tag="337" ind1=" " ind2=" ">
         <marc:subfield code="a">Moving Image</marc:subfield>
         <marc:subfield code="2">MAVIS media type controlled vocabulary</marc:subfield>
      </marc:datafield>
      <marc:datafield tag="024" ind1="8" ind2=" ">
         <marc:subfield code="a">1654772</marc:subfield>
         <marc:subfield code="2">MAVIS Title Number</marc:subfield>
      </marc:datafield>
      <marc:datafield tag="024" ind1="8" ind2=" ">
         <marc:subfield code="a">THAF</marc:subfield>
         <marc:subfield code="2">NET/PBS NOLA</marc:subfield>
      </marc:datafield>
      <marc:datafield tag="024" ind1="8" ind2=" ">
         <marc:subfield code="a">12</marc:subfield>
         <marc:subfield code="2">NET/PBS number</marc:subfield>
      </marc:datafield>
      <marc:datafield tag="024" ind1="8" ind2=" ">
         <marc:subfield code="a">99 (NET playhouse)</marc:subfield>
         <marc:subfield code="2">NET/PBS number</marc:subfield>
      </marc:datafield>
      <marc:datafield tag="546" ind1=" " ind2=" ">
         <marc:subfield code="a">English</marc:subfield>
      </marc:datafield>
      <marc:datafield tag="653" ind1=" " ind2=" ">
         <marc:subfield code="a">Murder</marc:subfield>
         <marc:subfield code="0">http://id.loc.gov/authorities/subjects/sh85088613</marc:subfield>
      </marc:datafield>
      <marc:datafield tag="653" ind1=" " ind2=" ">
         <marc:subfield code="a">Recluses</marc:subfield>
         <marc:subfield code="0">http://id.loc.gov/authorities/subjects/sh85111837</marc:subfield>
      </marc:datafield>
      <marc:datafield tag="653" ind1=" " ind2=" ">
         <marc:subfield code="a">Suspicion</marc:subfield>
         <marc:subfield code="0">http://id.loc.gov/authorities/subjects/sh00001124</marc:subfield>
      </marc:datafield>
      <marc:datafield tag="245" ind1="0" ind2="0">
         <marc:subfield code="a">Thirteen against fate. The suspect.</marc:subfield>
         <marc:subfield code="b">a National Educational Television presentation
         ; produced by Irene Shubik for the British Broadcasting Corporation ; NET producer, Kay
         Chessid ; director, Michael Hayes ; dramatization by Donal Giltinan.</marc:subfield>
      </marc:datafield>
      <marc:datafield tag="246" ind1="3" ind2="3">
         <marc:subfield code="a">Fiancailles de M. Hire, Les</marc:subfield>
      </marc:datafield>
      <marc:datafield tag="246" ind1="3" ind2="3">
         <marc:subfield code="a">The suspect.</marc:subfield>
      </marc:datafield>
      <marc:datafield tag="246" ind1="3" ind2="3">
         <marc:subfield code="a">NET playhouse. 13 against fate. The
         suspect.</marc:subfield>
      </marc:datafield>
      <marc:datafield tag="246" ind1="3" ind2="3">
         <marc:subfield code="a">NET playhouse. [No. 99], Thirteen against fate. [No.
         12], The suspect.</marc:subfield>
      </marc:datafield>
      <marc:datafield tag="246" ind1="3" ind2="3">
         <marc:subfield code="a">NET playhouse. [1968-08-23]. Thirteen against fate.
         [No. 12], The suspect.</marc:subfield>
      </marc:datafield>
      <marc:datafield tag="246" ind1="3" ind2="3">
         <marc:subfield code="a">13 against fate. The suspect.</marc:subfield>
      </marc:datafield>
      <marc:datafield tag="246" ind1="3" ind2="3">
         <marc:subfield code="a">NET playhouse. Thirteen against fate. The
         suspect.</marc:subfield>
      </marc:datafield>
      <marc:datafield tag="246" ind1="3" ind2="3">
         <marc:subfield code="a">Thirteen against fate. [No. 12], The
         suspect.</marc:subfield>
      </marc:datafield>
      <marc:datafield tag="655" ind1=" " ind2="0">
         <marc:subfield code="a">Fiction television programs
         (lcgft)</marc:subfield>
         <marc:subfield code="0">http://id.loc.gov/authorities/genreForms/gf2011026252\n</marc:subfield>
      </marc:datafield>
   </marc:record>