
   <marc:record>
      <marc:leader>      am         3u     </marc:leader>
      <marc:datafield tag="042" ind1=" " ind2=" ">
         <marc:subfield code="a">dc</marc:subfield>
      </marc:datafield>
      <marc:datafield tag="720" ind1=" " ind2=" ">
         <marc:subfield code="a">National Educational Television and Radio Center</marc:subfield>
         <marc:subfield code="e">Broadcaster</marc:subfield>
         <marc:subfield code="0">http://id.loc.gov/authorities/names/n80050382</marc:subfield>
      </marc:datafield>
      <marc:datafield tag="720" ind1=" " ind2=" ">
         <marc:subfield code="a">Novak, Larry.</marc:subfield>
         <marc:subfield code="e">Music</marc:subfield>
      </marc:datafield>
      <marc:datafield tag="720" ind1=" " ind2=" ">
         <marc:subfield code="a">WTTW</marc:subfield>
         <marc:subfield code="e">Production Company</marc:subfield>
         <marc:subfield code="0">http://id.loc.gov/authorities/names/no2006059802</marc:subfield>
      </marc:datafield>
      <marc:datafield tag="720" ind1=" " ind2=" ">
         <marc:subfield code="a">Kaiser, Robert</marc:subfield>
         <marc:subfield code="e">Director</marc:subfield>
      </marc:datafield>
      <marc:datafield tag="720" ind1=" " ind2=" ">
         <marc:subfield code="a">Kaiser, Robert</marc:subfield>
         <marc:subfield code="e">Executive Producer</marc:subfield>
      </marc:datafield>
      <marc:datafield tag="260" ind1=" " ind2=" ">
         <marc:subfield code="c">1969-12-31</marc:subfield>
      </marc:datafield>
      <marc:datafield tag="520" ind1=" " ind2=" ">
         <marc:subfield code="a">From NET microfiche: Information about this series: This NET Journal program
         begins a series that will move to its own time slot on the Wednesday (December 10)
         following the Journal telecast. In other words, the first "To Save Tomorrow" program will
         be a 60-minute NET Journal on Monday, December 8, and eight succeeding 30-minute programs
         in the series will be seen Wednesday at 8 pm EST, beginning December 10. The entire series
         has been produced, over a period of nearly three years, by station WTTW, NET's Chicago
         affiliate. It was funded by a grant from the Social and Rehabilitation Service branch of
         the US Department of Health, Education and Welfare. Besides the Singer Zone Center in
         Rockford, locations represented in programs in this series are Wellmet House in Boston,
         Horizon House and Spruce House in Philadelphia, Chicago State Hospital, Fountain House in
         New York City, and Palo Alto (CA) State Hospital. Most of the filming was done in cinema
         verite style. Complete program content for each program in this series, including NET
         Journal #257, will be sent to you shortly. "To Save Tomorrow" is an NET presentation,
         produced by WTTW, Chicago. Executive producers: Robert Kaiser and Rudyard Propst Director:
         Robert Kaiaser Editors: Dave Shaw and James Bourgeois Cinematographer: Dale Sharkey Program
         4: Operation Re-entry Initial Broadcast: December 31, 1969 This program was shot entirely
         in the environs of Palo Alto, VA Hospital in California. It demonstrates the use of tokens
         for rewards in large mental institution and the transition from token use to sheltered
         workshop training which is followed by the beginnings of outside work for mental patients.
         In this work they actually operate a filling station and later rehabilitate houses in a
         good section of the city, occupy them, and set up their own communal living plan. Dr. John
         Atthowe and Dr. Joseph McDonough, who are the designers of the veteran's workshop of the
         hospital, narrate the program, showing viewers the wards, the workshop on the grounds
         (where patients are paid money) and the workshops off the grounds where the patients
         operate a gas station. This film shows an abandoned house which was bought on a GI loan,
         patients renovating the house and then moving in. Also shown is a group meeting with an
         ex-patient who acts as an advisor and with patients who are about to move into a house they
         renovated. Suggested Newspaper Listing: A look at special rehabilitation techniques for the
         mentally ill at Palo Alto Veterans Hospital in California, including projects in which
         patients operate a gas station and renovate houses for themselves to live in when they are
         released for the hospital. To Save Tomorrow #4 - "Operation Re-entry" is a presentation of
         National Educational Television, produced by non-commercial station WTTW, Chicago. This
         program was filmed in cinema verite style. Executive producers: Robert Kaiser and Rudyard
         Propst Director: Robert Kaiser Editors: James Bourgeois Cinematographer: Dale Sharkey Music
         by Larry Novak. Project Supervisor: Edward L. Morris</marc:subfield>
      </marc:datafield>
      <marc:datafield tag="337" ind1=" " ind2=" ">
         <marc:subfield code="a">Moving Image</marc:subfield>
         <marc:subfield code="2">MAVIS media type controlled vocabulary</marc:subfield>
      </marc:datafield>
      <marc:datafield tag="024" ind1="8" ind2=" ">
         <marc:subfield code="a">2421839</marc:subfield>
         <marc:subfield code="2">MAVIS Title Number</marc:subfield>
      </marc:datafield>
      <marc:datafield tag="024" ind1="8" ind2=" ">
         <marc:subfield code="a">TSTM</marc:subfield>
         <marc:subfield code="2">NET/PBS NOLA</marc:subfield>
      </marc:datafield>
      <marc:datafield tag="024" ind1="8" ind2=" ">
         <marc:subfield code="a">104</marc:subfield>
         <marc:subfield code="2">NET/PBS number</marc:subfield>
      </marc:datafield>
      <marc:datafield tag="024" ind1="8" ind2=" ">
         <marc:subfield code="a">4</marc:subfield>
         <marc:subfield code="2">Episode Number</marc:subfield>
      </marc:datafield>
      <marc:datafield tag="546" ind1=" " ind2=" ">
         <marc:subfield code="a">English</marc:subfield>
      </marc:datafield>
      <marc:datafield tag="653" ind1=" " ind2=" ">
         <marc:subfield code="a">Psychotherapy patients</marc:subfield>
         <marc:subfield code="0">http://id.loc.gov/authorities/subjects/sh85108526</marc:subfield>
      </marc:datafield>
      <marc:datafield tag="653" ind1=" " ind2=" ">
         <marc:subfield code="a">Veterans' hospitals</marc:subfield>
         <marc:subfield code="0">http://id.loc.gov/authorities/subjects/sh85062405</marc:subfield>
      </marc:datafield>
      <marc:datafield tag="653" ind1=" " ind2=" ">
         <marc:subfield code="a">Mentally ill--Rehabilitation</marc:subfield>
         <marc:subfield code="0">http://id.loc.gov/authorities/subjects/sh85083707</marc:subfield>
      </marc:datafield>
      <marc:datafield tag="653" ind1=" " ind2=" ">
         <marc:subfield code="a">Veterans Administration Hospital (Palo
         Alto, Calif.)</marc:subfield>
         <marc:subfield code="0">http://id.loc.gov/authorities/names/n87134055</marc:subfield>
      </marc:datafield>
      <marc:datafield tag="245" ind1="0" ind2="0">
         <marc:subfield code="a">To save tomorrow. Operation re-entry.</marc:subfield>
         <marc:subfield code="b">WTTW ; director, Robert Kaiser.</marc:subfield>
      </marc:datafield>
      <marc:datafield tag="246" ind1="3" ind2="3">
         <marc:subfield code="a">Operation re-entry.</marc:subfield>
      </marc:datafield>
      <marc:datafield tag="246" ind1="3" ind2="3">
         <marc:subfield code="a">NET journal. Operation
         re-entry.</marc:subfield>
      </marc:datafield>
      <marc:datafield tag="246" ind1="3" ind2="3">
         <marc:subfield code="a">NET journal: to
         save tomorrow. Operation re-entry.</marc:subfield>
      </marc:datafield>
      <marc:datafield tag="246" ind1="3" ind2="3">
         <marc:subfield code="a">Operation reentry.</marc:subfield>
      </marc:datafield>
      <marc:datafield tag="246" ind1="3" ind2="3">
         <marc:subfield code="a">To save tomorrow. Operation
         reentry.</marc:subfield>
      </marc:datafield>
      <marc:datafield tag="246" ind1="3" ind2="3">
         <marc:subfield code="a">To save tomorrow. [No. 4], Operation
         re-entry.</marc:subfield>
      </marc:datafield>
      <marc:datafield tag="655" ind1=" " ind2="0">
         <marc:subfield code="a">Cinema verite films (lcgft)</marc:subfield>
         <marc:subfield code="0">http://id.loc.gov/authorities/genreForms/gf2011026134</marc:subfield>
      </marc:datafield>
      <marc:datafield tag="655" ind1=" " ind2="0">
         <marc:subfield code="a">Documentary television programs
         (lcgft)</marc:subfield>
         <marc:subfield code="0">http://id.loc.gov/authorities/genreForms/gf2011026207</marc:subfield>
      </marc:datafield>
      <marc:datafield tag="655" ind1=" " ind2="0">
         <marc:subfield code="a">Nonfiction television programs
         (lcgft)</marc:subfield>
         <marc:subfield code="0">http://id.loc.gov/authorities/genreForms/gf2011026425</marc:subfield>
      </marc:datafield>
   </marc:record>