
   <marc:record>
      <marc:leader>      am         3u     </marc:leader>
      <marc:datafield tag="042" ind1=" " ind2=" ">
         <marc:subfield code="a">dc</marc:subfield>
      </marc:datafield>
      <marc:datafield tag="720" ind1=" " ind2=" ">
         <marc:subfield code="a">National Educational Television and Radio Center</marc:subfield>
         <marc:subfield code="e">Broadcaster</marc:subfield>
         <marc:subfield code="0">http://id.loc.gov/authorities/names/n80050382</marc:subfield>
      </marc:datafield>
      <marc:datafield tag="720" ind1=" " ind2=" ">
         <marc:subfield code="a">Novak, Larry.</marc:subfield>
         <marc:subfield code="e">Music</marc:subfield>
      </marc:datafield>
      <marc:datafield tag="720" ind1=" " ind2=" ">
         <marc:subfield code="a">Visotsky,
         Harold M.</marc:subfield>
         <marc:subfield code="e">Narrator</marc:subfield>
         <marc:subfield code="0">http://id.loc.gov/authorities/names/n86144359</marc:subfield>
      </marc:datafield>
      <marc:datafield tag="720" ind1=" " ind2=" ">
         <marc:subfield code="a">WTTW</marc:subfield>
         <marc:subfield code="e">Production Company</marc:subfield>
         <marc:subfield code="0">http://id.loc.gov/authorities/names/no2006059802</marc:subfield>
      </marc:datafield>
      <marc:datafield tag="720" ind1=" " ind2=" ">
         <marc:subfield code="a">Kaiser, Robert</marc:subfield>
         <marc:subfield code="e">Director</marc:subfield>
      </marc:datafield>
      <marc:datafield tag="720" ind1=" " ind2=" ">
         <marc:subfield code="a">Kaiser, Robert</marc:subfield>
         <marc:subfield code="e">Executive Producer</marc:subfield>
      </marc:datafield>
      <marc:datafield tag="260" ind1=" " ind2=" ">
         <marc:subfield code="c">1969</marc:subfield>
      </marc:datafield>
      <marc:datafield tag="260" ind1=" " ind2=" ">
         <marc:subfield code="c">1970-1-21</marc:subfield>
      </marc:datafield>
      <marc:datafield tag="520" ind1=" " ind2=" ">
         <marc:subfield code="a">From NET microfiche: Information about this series: This NET Journal program
         begins a series that will move to its own time slot on the Wednesday (December 10)
         following the Journal telecast. In other words, the first "To Save Tomorrow" program will
         be a 60-minute NET Journal on Monday, December 8, and eight succeeding 30-minute programs
         in the series will be seen Wednesday at 8 pm EST, beginning December 10. The entire series
         has been produced, over a period of nearly three years, by station WTTW, NET's Chicago
         affiliate. It was funded by a grant from the Social and Rehabilitation Service branch of
         the US Department of Health, Education and Welfare. Besides the Singer Zone Center in
         Rockford, locations represented in programs in this series are Wellmet House in Boston,
         Horizon House and Spruce House in Philadelphia, Chicago State Hospital, Fountain House in
         New York City, and Palo Alto (CA) State Hospital. Most of the filming was done in cinema
         verite style. Complete program content for each program in this series, including NET
         Journal #257, will be sent to you shortly. "To Save Tomorrow" is an NET presentation,
         produced by WTTW, Chicago. Executive producers: Robert Kaiser and Rudyard Propst Director:
         Robert Kaiaser Editors: Dave Shaw and James Bourgeois Cinematographer: Dale Sharkey Program
         7: The Guy Next Door Initial Broadcast: January 21, 1970 The premiere program in this
         series illustrated the Singer Zone Center helped rehabilitate long-term mental patients
         transferred from a state institution. This time viewers see how the center aids short-term
         patients and assists nearby communities in creating their own mental health centers.
         Program narration is by Dr. Harold Visotsky, director of the Illinois Department of Mental
         Health, and Dr. Norris Hansell, director of the Singer Center. Viewers see the work of the
         center's rehabilitation counselor who is in charge of 24-hour emergency service. They also
         see how staff members hold planning conferences with their patients in an attempt to find a
         solution other than hospitalization. The patients bring their families and/or their
         employers or ministers to such meetings. Also seen: a rehabilitation counselor visiting a
         client in jail; a sheriff discussing the training program for law enforcement officers
         given at the center; a non-professional group in Belvedere, Illinois; residents of Proviso
         Township, Illinois, debating tax referendum that would raise public funds for mental health
         facilities. Suggested Newspaper Listing: This series returns its attention to the Singer
         Zone Center in Rockford, Illinois, where this time we see how the center helps local
         residents develop their own community mental health facilities. To Save Tomorrow #7 - "The
         Guy Next Door" is a presentation of National Educational Television, produced by
         non-commercial station WTTW, Chicago. This program was filmed in cinema verite style.
         Executive producers: Robert Kaiser and Rudyard Propst Director: Robert Kaiser Editor: Dave
         Shaw Cinematographer: Dale Sharkey Music by Larry Novak. Project Supervisor: Edward L.
         Morris</marc:subfield>
      </marc:datafield>
      <marc:datafield tag="337" ind1=" " ind2=" ">
         <marc:subfield code="a">Moving Image</marc:subfield>
         <marc:subfield code="2">MAVIS media type controlled vocabulary</marc:subfield>
      </marc:datafield>
      <marc:datafield tag="024" ind1="8" ind2=" ">
         <marc:subfield code="a">2410782</marc:subfield>
         <marc:subfield code="2">MAVIS Title Number</marc:subfield>
      </marc:datafield>
      <marc:datafield tag="024" ind1="8" ind2=" ">
         <marc:subfield code="a">TSTM</marc:subfield>
         <marc:subfield code="2">NET/PBS NOLA</marc:subfield>
      </marc:datafield>
      <marc:datafield tag="024" ind1="8" ind2=" ">
         <marc:subfield code="a">107</marc:subfield>
         <marc:subfield code="2">NET/PBS number</marc:subfield>
      </marc:datafield>
      <marc:datafield tag="024" ind1="8" ind2=" ">
         <marc:subfield code="a">7</marc:subfield>
         <marc:subfield code="2">Episode Number</marc:subfield>
      </marc:datafield>
      <marc:datafield tag="546" ind1=" " ind2=" ">
         <marc:subfield code="a">English</marc:subfield>
      </marc:datafield>
      <marc:datafield tag="653" ind1=" " ind2=" ">
         <marc:subfield code="a">Psychotherapy patients</marc:subfield>
         <marc:subfield code="0">http://id.loc.gov/authorities/subjects/sh85108526</marc:subfield>
      </marc:datafield>
      <marc:datafield tag="653" ind1=" " ind2=" ">
         <marc:subfield code="a">Community mental health
         services</marc:subfield>
         <marc:subfield code="0">http://id.loc.gov/authorities/subjects/sh85029245</marc:subfield>
      </marc:datafield>
      <marc:datafield tag="653" ind1=" " ind2=" ">
         <marc:subfield code="a">Mentally ill</marc:subfield>
         <marc:subfield code="0">http://id.loc.gov/authorities/subjects/sh85083699</marc:subfield>
      </marc:datafield>
      <marc:datafield tag="245" ind1="0" ind2="0">
         <marc:subfield code="a">To save tomorrow. The guy next door.</marc:subfield>
         <marc:subfield code="b">WTTW ; director, Robert Kaiser.</marc:subfield>
      </marc:datafield>
      <marc:datafield tag="246" ind1="3" ind2="3">
         <marc:subfield code="a">The guy next door.</marc:subfield>
      </marc:datafield>
      <marc:datafield tag="246" ind1="3" ind2="3">
         <marc:subfield code="a">NET journal. The guy next
         door.</marc:subfield>
      </marc:datafield>
      <marc:datafield tag="246" ind1="3" ind2="3">
         <marc:subfield code="a">NET journal: to
         save tomorrow. The guy next door.</marc:subfield>
      </marc:datafield>
      <marc:datafield tag="246" ind1="3" ind2="3">
         <marc:subfield code="a">To save tomorrow. [No. 7], The guy next
         door.</marc:subfield>
      </marc:datafield>
      <marc:datafield tag="655" ind1=" " ind2="0">
         <marc:subfield code="a">Cinema verite films (lcgft)</marc:subfield>
         <marc:subfield code="0">http://id.loc.gov/authorities/genreForms/gf2011026134</marc:subfield>
      </marc:datafield>
      <marc:datafield tag="655" ind1=" " ind2="0">
         <marc:subfield code="a">Documentary television programs
         (lcgft)</marc:subfield>
         <marc:subfield code="0">http://id.loc.gov/authorities/genreForms/gf2011026207</marc:subfield>
      </marc:datafield>
      <marc:datafield tag="655" ind1=" " ind2="0">
         <marc:subfield code="a">Nonfiction television programs
         (lcgft)</marc:subfield>
         <marc:subfield code="0">http://id.loc.gov/authorities/genreForms/gf2011026425</marc:subfield>
      </marc:datafield>
   </marc:record>