
   <marc:record>
      <marc:leader>      am         3u     </marc:leader>
      <marc:datafield tag="042" ind1=" " ind2=" ">
         <marc:subfield code="a">dc</marc:subfield>
      </marc:datafield>
      <marc:datafield tag="720" ind1=" " ind2=" ">
         <marc:subfield code="a">National Educational Television and Radio Center</marc:subfield>
         <marc:subfield code="e">Broadcaster</marc:subfield>
         <marc:subfield code="0">http://id.loc.gov/authorities/names/n80050382</marc:subfield>
      </marc:datafield>
      <marc:datafield tag="720" ind1=" " ind2=" ">
         <marc:subfield code="a">Bevel,
         James L. (James Luther)</marc:subfield>
         <marc:subfield code="e">Narrator</marc:subfield>
         <marc:subfield code="0">http://id.loc.gov/authorities/names/n90698381</marc:subfield>
      </marc:datafield>
      <marc:datafield tag="720" ind1=" " ind2=" ">
         <marc:subfield code="a">United
         States. Social and Rehabilitation Service</marc:subfield>
         <marc:subfield code="e">Sponsor</marc:subfield>
         <marc:subfield code="0">http://id.loc.gov/authorities/names/n80020623</marc:subfield>
      </marc:datafield>
      <marc:datafield tag="720" ind1=" " ind2=" ">
         <marc:subfield code="a">WTTW</marc:subfield>
         <marc:subfield code="e">Production Company</marc:subfield>
         <marc:subfield code="0">http://id.loc.gov/authorities/names/no2006059802</marc:subfield>
      </marc:datafield>
      <marc:datafield tag="720" ind1=" " ind2=" ">
         <marc:subfield code="a">Kaiser, Robert</marc:subfield>
         <marc:subfield code="e">Director</marc:subfield>
      </marc:datafield>
      <marc:datafield tag="720" ind1=" " ind2=" ">
         <marc:subfield code="a">Kaiser, Robert</marc:subfield>
         <marc:subfield code="e">Executive Producer</marc:subfield>
      </marc:datafield>
      <marc:datafield tag="260" ind1=" " ind2=" ">
         <marc:subfield code="c">1969</marc:subfield>
      </marc:datafield>
      <marc:datafield tag="260" ind1=" " ind2=" ">
         <marc:subfield code="c">1970-1-14</marc:subfield>
      </marc:datafield>
      <marc:datafield tag="520" ind1=" " ind2=" ">
         <marc:subfield code="a">From NET microfiche: Information about this series: This NET Journal program
         begins a series that will move to its own time slot on the Wednesday (December 10)
         following the Journal telecast. In other words, the first "To Save Tomorrow" program will
         be a 60-minute NET Journal on Monday, December 8, and eight succeeding 30-minute programs
         in the series will be seen Wednesday at 8 pm EST, beginning December 10. The entire series
         has been produced, over a period of nearly three years, by station WTTW, NET's Chicago
         affiliate. It was funded by a grant from the Social and Rehabilitation Service branch of
         the US Department of Health, Education and Welfare. Besides the Singer Zone Center in
         Rockford, locations represented in programs in this series are Wellmet House in Boston,
         Horizon House and Spruce House in Philadelphia, Chicago State Hospital, Fountain House in
         New York City, and Palo Alto (CA) State Hospital. Most of the filming was done in cinema
         verite style. Complete program content for each program in this series, including NET
         Journal #257, will be sent to you shortly. "To Save Tomorrow" is an NET presentation,
         produced by WTTW, Chicago. Executive producers: Robert Kaiser and Rudyard Propst Director:
         Robert Kaiser Editors: Dave Shaw and James Bourgeois Cinematographer: Dale Sharkey Program
         6: To Live and Move According to your Nature is Called Love Initial Broadcast: January 14,
         1970 The second of the two programs of the series filmed in Philadelphia concerns an
         experiment at the Jefferson Community Mental Health Center which stresses going into the
         community and looking for problems to solve before those problems result in mentally
         disturbed residents. The program is narrated by Almanina Barbour, a black attorney who is
         director of the experimental project, and the Reverend James Bevel, well-known civil rights
         activist and member of the Southern Christian Leadership Conference. Viewers see Mr. Bevel
         at Martin Luther King's Village, a ghetto neighborhood, encouraging people to look at their
         problems. Once these problems are uncovered, Miss Barbour takes over and begins to organize
         the people around their particular community problems, such as urban renewal meeting and a
         freedom choir. She and Mr. Bevel are also seen at a meeting where they explain their
         program to the professional staff of Jefferson. Summing up the project the minister says:
         "Most of the time you've only paid attention to a man when he comes out of the house
         screaming and hollering when you ought to ask what the hell is going on inside the house
         that sent him out screaming and hollering." Suggested Newspaper Listing: Curing the social
         problems that can contribute to mental illness is the chief aim at Philadelphia's Jefferson
         Community Mental Health Center, which is spotlighted in tonight's program. To Save Tomorrow
         #6 - "To Live and Move According to your Nature is Called Love" is a presentation of
         National Educational Television, produced by non-commercial station WTTW, Chicago. This
         program was filmed in cinema verite style. Executive producers: Robert Kaiser and Rudyard
         Propst Director: Robert Kaiser Editors: Dick Sato Cinematographer: Dale Sharkey Project
         Supervisor: Edward L. Morris</marc:subfield>
      </marc:datafield>
      <marc:datafield tag="337" ind1=" " ind2=" ">
         <marc:subfield code="a">Moving Image</marc:subfield>
         <marc:subfield code="2">MAVIS media type controlled vocabulary</marc:subfield>
      </marc:datafield>
      <marc:datafield tag="024" ind1="8" ind2=" ">
         <marc:subfield code="a">2412237</marc:subfield>
         <marc:subfield code="2">MAVIS Title Number</marc:subfield>
      </marc:datafield>
      <marc:datafield tag="024" ind1="8" ind2=" ">
         <marc:subfield code="a">TSTM</marc:subfield>
         <marc:subfield code="2">NET/PBS NOLA</marc:subfield>
      </marc:datafield>
      <marc:datafield tag="024" ind1="8" ind2=" ">
         <marc:subfield code="a">106</marc:subfield>
         <marc:subfield code="2">NET/PBS number</marc:subfield>
      </marc:datafield>
      <marc:datafield tag="024" ind1="8" ind2=" ">
         <marc:subfield code="a">6</marc:subfield>
         <marc:subfield code="2">Episode Number</marc:subfield>
      </marc:datafield>
      <marc:datafield tag="546" ind1=" " ind2=" ">
         <marc:subfield code="a">English</marc:subfield>
      </marc:datafield>
      <marc:datafield tag="653" ind1=" " ind2=" ">
         <marc:subfield code="a">Psychotherapy patients</marc:subfield>
         <marc:subfield code="0">http://id.loc.gov/authorities/subjects/sh85108526</marc:subfield>
      </marc:datafield>
      <marc:datafield tag="653" ind1=" " ind2=" ">
         <marc:subfield code="a">Community mental health
         services</marc:subfield>
         <marc:subfield code="0">http://id.loc.gov/authorities/subjects/sh85029245</marc:subfield>
      </marc:datafield>
      <marc:datafield tag="653" ind1=" " ind2=" ">
         <marc:subfield code="a">Mentally ill</marc:subfield>
         <marc:subfield code="0">http://id.loc.gov/authorities/subjects/sh85083699</marc:subfield>
      </marc:datafield>
      <marc:datafield tag="245" ind1="0" ind2="0">
         <marc:subfield code="a">To save tomorrow. To live and move according to your
         nature is called love.</marc:subfield>
         <marc:subfield code="b">WTTW ; director, Robert Kaiser.</marc:subfield>
      </marc:datafield>
      <marc:datafield tag="246" ind1="3" ind2="3">
         <marc:subfield code="a">To live and move according to your
         nature is called love.</marc:subfield>
      </marc:datafield>
      <marc:datafield tag="246" ind1="3" ind2="3">
         <marc:subfield code="a">NET journal. To live and
         move according to your nature is called love.</marc:subfield>
      </marc:datafield>
      <marc:datafield tag="246" ind1="3" ind2="3">
         <marc:subfield code="a">NET journal: to
         save tomorrow. To live and move according to your nature is called love.</marc:subfield>
      </marc:datafield>
      <marc:datafield tag="246" ind1="3" ind2="3">
         <marc:subfield code="a">To save tomorrow. [No. 6], To live and move according
         to your nature is called love.</marc:subfield>
      </marc:datafield>
      <marc:datafield tag="655" ind1=" " ind2="0">
         <marc:subfield code="a">Cinema verite films (lcgft)</marc:subfield>
         <marc:subfield code="0">http://id.loc.gov/authorities/genreForms/gf2011026134</marc:subfield>
      </marc:datafield>
      <marc:datafield tag="655" ind1=" " ind2="0">
         <marc:subfield code="a">Documentary television programs
         (lcgft)</marc:subfield>
         <marc:subfield code="0">http://id.loc.gov/authorities/genreForms/gf2011026207</marc:subfield>
      </marc:datafield>
      <marc:datafield tag="655" ind1=" " ind2="0">
         <marc:subfield code="a">Nonfiction television programs
         (lcgft)</marc:subfield>
         <marc:subfield code="0">http://id.loc.gov/authorities/genreForms/gf2011026425</marc:subfield>
      </marc:datafield>
   </marc:record>