
   <marc:record>
      <marc:leader>      am         3u     </marc:leader>
      <marc:datafield tag="042" ind1=" " ind2=" ">
         <marc:subfield code="a">dc</marc:subfield>
      </marc:datafield>
      <marc:datafield tag="720" ind1=" " ind2=" ">
         <marc:subfield code="a">National Educational Television and Radio Center</marc:subfield>
         <marc:subfield code="e">Broadcaster</marc:subfield>
         <marc:subfield code="0">http://id.loc.gov/authorities/names/n80050382</marc:subfield>
      </marc:datafield>
      <marc:datafield tag="720" ind1=" " ind2=" ">
         <marc:subfield code="a">Kantor, David</marc:subfield>
         <marc:subfield code="e">Narrator</marc:subfield>
      </marc:datafield>
      <marc:datafield tag="720" ind1=" " ind2=" ">
         <marc:subfield code="a">WTTW</marc:subfield>
         <marc:subfield code="e">Production Company</marc:subfield>
         <marc:subfield code="0">http://id.loc.gov/authorities/names/no2006059802</marc:subfield>
      </marc:datafield>
      <marc:datafield tag="720" ind1=" " ind2=" ">
         <marc:subfield code="a">Kaiser, Robert</marc:subfield>
         <marc:subfield code="e">Director</marc:subfield>
      </marc:datafield>
      <marc:datafield tag="720" ind1=" " ind2=" ">
         <marc:subfield code="a">Kaiser, Robert</marc:subfield>
         <marc:subfield code="e">Executive Producer</marc:subfield>
      </marc:datafield>
      <marc:datafield tag="260" ind1=" " ind2=" ">
         <marc:subfield code="c">1969-12-10</marc:subfield>
      </marc:datafield>
      <marc:datafield tag="520" ind1=" " ind2=" ">
         <marc:subfield code="a">From NET microfiche: Information about this series: This NET Journal program
         begins a series that will move to its own time slot on the Wednesday (December 10)
         following the Journal telecast. In other words, the first "To Save Tomorrow" program will
         be a 60-minute NET Journal on Monday, December 8, and eight succeeding 30-minute programs
         in the series will be seen Wednesday at 8 pm EST, beginning December 10. The entire series
         has been produced, over a period of nearly three years, by station WTTW, NET's Chicago
         affiliate. It was funded by a grant from the Social and Rehabilitation Service branch of
         the US Department of Health, Education and Welfare. Besides the Singer Zone Center in
         Rockford, locations represented in programs in this series are Wellmet House in Boston,
         Horizon House and Spruce House in Philadelphia, Chicago State Hospital, Fountain House in
         New York City, and Palo Alto (CA) State Hospital. Most of the filming was done in cinema
         verite style. Complete program content for each program in this series, including NET
         Journal #257, will be sent to you shortly. "To Save Tomorrow" is an NET presentation,
         produced by WTTW, Chicago. Executive producers: Robert Kaiser and Rudyard Propst Director:
         Robert Kaiaser Editors: Dave Shaw and James Bourgeois Cinematographer: Dale Sharkey Program
         1: Wellmet House Initial Broadcast: December 10, 1969 This program describes how Wellmet
         House, a Boston halfway house, achieves remarkable results with a live-in program which is
         staffed completely by students of Boston area universities. Eight mental patients are seen
         living with eight students in an environment free from traditional therapeutic structure.
         The main emphasis of Wellmet House is that relating to normal people in a natural,
         unstructured manner becomes for mentally ill people an important ingredient of
         rehabilitation. The program is photographed on location in cinema verite style with actual
         patients and staff. It is narrated by David Kantor, who was the house's first director and
         designer and who now acts as an advisor. He describes the background of the house, how his
         students inspected a hospital and saw there the deplorable conditions and went on to start
         the house. There are scenes of patients and staff at dinner, at a boisterous Friday night
         party at a local pub, at a big party in the house, and in a house meeting. The film also
         shows Jean Carmel, who was house mother when the film was made, and is now director of
         Wellmet House. It is Kantor's intention, and that of Miss Carmel, not to emphasize
         conformity but to stress individual ways of expressing one's self. "I didn't want to make
         people so well that in fact they are dead," Kantor says. Suggested Newspaper Listing: A
         visit with the residents of Wellmet House in Boston, half of whom are mentally ill adults
         and the other half are college students who live with the patients to help prepare them for
         re-entry into normal society. To Save Tomorrow #1 - "Wellmet House" is a presentation of
         National Educational Television, produced by non-commercial station WTTW, Chicago. This
         program was filmed in cinema verite style. Executive producers: Robert Kaiser and Rudyard
         Propst Director: Robert Kaiser Editors: Dave Shaw Cinematographer: Dale Sharkey Project
         Supervisor: Edward L. Morris</marc:subfield>
      </marc:datafield>
      <marc:datafield tag="337" ind1=" " ind2=" ">
         <marc:subfield code="a">Moving Image</marc:subfield>
         <marc:subfield code="2">MAVIS media type controlled vocabulary</marc:subfield>
      </marc:datafield>
      <marc:datafield tag="024" ind1="8" ind2=" ">
         <marc:subfield code="a">2421762</marc:subfield>
         <marc:subfield code="2">MAVIS Title Number</marc:subfield>
      </marc:datafield>
      <marc:datafield tag="024" ind1="8" ind2=" ">
         <marc:subfield code="a">TSTM</marc:subfield>
         <marc:subfield code="2">NET/PBS NOLA</marc:subfield>
      </marc:datafield>
      <marc:datafield tag="024" ind1="8" ind2=" ">
         <marc:subfield code="a">101</marc:subfield>
         <marc:subfield code="2">NET/PBS number</marc:subfield>
      </marc:datafield>
      <marc:datafield tag="024" ind1="8" ind2=" ">
         <marc:subfield code="a">1</marc:subfield>
         <marc:subfield code="2">Episode Number</marc:subfield>
      </marc:datafield>
      <marc:datafield tag="546" ind1=" " ind2=" ">
         <marc:subfield code="a">English</marc:subfield>
      </marc:datafield>
      <marc:datafield tag="653" ind1=" " ind2=" ">
         <marc:subfield code="a">Psychotherapy patients</marc:subfield>
         <marc:subfield code="0">http://id.loc.gov/authorities/subjects/sh85108526</marc:subfield>
      </marc:datafield>
      <marc:datafield tag="653" ind1=" " ind2=" ">
         <marc:subfield code="a">Halfway houses</marc:subfield>
         <marc:subfield code="0">http://id.loc.gov/authorities/subjects/sh85058432</marc:subfield>
      </marc:datafield>
      <marc:datafield tag="653" ind1=" " ind2=" ">
         <marc:subfield code="a">Community mental health
         services</marc:subfield>
         <marc:subfield code="0">http://id.loc.gov/authorities/subjects/sh85029245</marc:subfield>
      </marc:datafield>
      <marc:datafield tag="653" ind1=" " ind2=" ">
         <marc:subfield code="a">Mentally ill--Rehabilitation</marc:subfield>
         <marc:subfield code="0">http://id.loc.gov/authorities/subjects/sh85083707</marc:subfield>
      </marc:datafield>
      <marc:datafield tag="245" ind1="0" ind2="0">
         <marc:subfield code="a">To save tomorrow. Wellmet House.</marc:subfield>
         <marc:subfield code="b">WTTW ; director, Robert Kaiser.</marc:subfield>
      </marc:datafield>
      <marc:datafield tag="246" ind1="3" ind2="3">
         <marc:subfield code="a">Wellmet House.</marc:subfield>
      </marc:datafield>
      <marc:datafield tag="246" ind1="3" ind2="3">
         <marc:subfield code="a">NET journal. Wellmet
         House.</marc:subfield>
      </marc:datafield>
      <marc:datafield tag="246" ind1="3" ind2="3">
         <marc:subfield code="a">NET journal: to
         save tomorrow. Wellmet House.</marc:subfield>
      </marc:datafield>
      <marc:datafield tag="246" ind1="3" ind2="3">
         <marc:subfield code="a">To save tomorrow. Mental
         health--Wellmet House.</marc:subfield>
      </marc:datafield>
      <marc:datafield tag="246" ind1="3" ind2="3">
         <marc:subfield code="a">Mental health--Wellmet
         House.</marc:subfield>
      </marc:datafield>
      <marc:datafield tag="246" ind1="3" ind2="3">
         <marc:subfield code="a">To save tomorrow. [No. 1], Wellmet House.</marc:subfield>
      </marc:datafield>
      <marc:datafield tag="655" ind1=" " ind2="0">
         <marc:subfield code="a">Cinema verite films (lcgft)</marc:subfield>
         <marc:subfield code="0">http://id.loc.gov/authorities/genreForms/gf2011026134</marc:subfield>
      </marc:datafield>
      <marc:datafield tag="655" ind1=" " ind2="0">
         <marc:subfield code="a">Documentary television programs
         (lcgft)</marc:subfield>
         <marc:subfield code="0">http://id.loc.gov/authorities/genreForms/gf2011026207</marc:subfield>
      </marc:datafield>
      <marc:datafield tag="655" ind1=" " ind2="0">
         <marc:subfield code="a">Nonfiction television programs
         (lcgft)</marc:subfield>
         <marc:subfield code="0">http://id.loc.gov/authorities/genreForms/gf2011026425</marc:subfield>
      </marc:datafield>
   </marc:record>