
   <marc:record>
      <marc:leader>      am         3u     </marc:leader>
      <marc:datafield tag="042" ind1=" " ind2=" ">
         <marc:subfield code="a">dc</marc:subfield>
      </marc:datafield>
      <marc:datafield tag="720" ind1=" " ind2=" ">
         <marc:subfield code="a">National Educational Television and Radio Center</marc:subfield>
         <marc:subfield code="e">Broadcaster</marc:subfield>
         <marc:subfield code="0">http://id.loc.gov/authorities/names/n80050382</marc:subfield>
      </marc:datafield>
      <marc:datafield tag="720" ind1=" " ind2=" ">
         <marc:subfield code="a">Public
         Broadcasting Service</marc:subfield>
         <marc:subfield code="e">Broadcaster</marc:subfield>
         <marc:subfield code="0">http://id.loc.gov/authorities/names/n86134532</marc:subfield>
      </marc:datafield>
      <marc:datafield tag="720" ind1=" " ind2=" ">
         <marc:subfield code="a">Vorenberg, James</marc:subfield>
         <marc:subfield code="e">Commentator</marc:subfield>
         <marc:subfield code="0">http://id.loc.gov/authorities/names/n81059910</marc:subfield>
      </marc:datafield>
      <marc:datafield tag="720" ind1=" " ind2=" ">
         <marc:subfield code="a">Weinshienk, Zita L.</marc:subfield>
         <marc:subfield code="e">Participant</marc:subfield>
         <marc:subfield code="0">http://id.loc.gov/authorities/names/no99046233</marc:subfield>
      </marc:datafield>
      <marc:datafield tag="720" ind1=" " ind2=" ">
         <marc:subfield code="a">Watson, Lauren R.</marc:subfield>
         <marc:subfield code="e">Participant</marc:subfield>
         <marc:subfield code="0">http://id.loc.gov/authorities/names/n82075340</marc:subfield>
      </marc:datafield>
      <marc:datafield tag="720" ind1=" " ind2=" ">
         <marc:subfield code="a">Davies, Leonard</marc:subfield>
         <marc:subfield code="e">Participant</marc:subfield>
      </marc:datafield>
      <marc:datafield tag="720" ind1=" " ind2=" ">
         <marc:subfield code="a">Silver,
         Harold</marc:subfield>
         <marc:subfield code="e">Editor</marc:subfield>
         <marc:subfield code="0">http://id.loc.gov/authorities/names/no99046236</marc:subfield>
      </marc:datafield>
      <marc:datafield tag="720" ind1=" " ind2=" ">
         <marc:subfield code="a">Morgan, Wright J.</marc:subfield>
         <marc:subfield code="e">Participant</marc:subfield>
         <marc:subfield code="0">http://id.loc.gov/authorities/names/no99046234</marc:subfield>
      </marc:datafield>
      <marc:datafield tag="720" ind1=" " ind2=" ">
         <marc:subfield code="a">Fresco,
         Robert M.</marc:subfield>
         <marc:subfield code="e">Producer</marc:subfield>
         <marc:subfield code="0">http://id.loc.gov/authorities/names/no99046232</marc:subfield>
      </marc:datafield>
      <marc:datafield tag="720" ind1=" " ind2=" ">
         <marc:subfield code="a">Educational Broadcasting Corporation. NET Division</marc:subfield>
         <marc:subfield code="e">Production Company</marc:subfield>
         <marc:subfield code="0">http://id.loc.gov/authorities/names/n81076889</marc:subfield>
      </marc:datafield>
      <marc:datafield tag="720" ind1=" " ind2=" ">
         <marc:subfield code="a">Sanders,
         Denis</marc:subfield>
         <marc:subfield code="e">Director</marc:subfield>
         <marc:subfield code="0">http://id.loc.gov/authorities/names/nb97079044</marc:subfield>
      </marc:datafield>
      <marc:datafield tag="720" ind1=" " ind2=" ">
         <marc:subfield code="a">Sanders,
         Denis</marc:subfield>
         <marc:subfield code="e">Producer</marc:subfield>
         <marc:subfield code="0">http://id.loc.gov/authorities/names/nb97079044</marc:subfield>
      </marc:datafield>
      <marc:datafield tag="260" ind1=" " ind2=" ">
         <marc:subfield code="c">1970-3</marc:subfield>
      </marc:datafield>
      <marc:datafield tag="260" ind1=" " ind2=" ">
         <marc:subfield code="c">1971-4 to 1971-5</marc:subfield>
      </marc:datafield>
      <marc:datafield tag="520" ind1=" " ind2=" ">
         <marc:subfield code="a">From NET microfiche: For the first time on American television, a documentary
         examines the judicial system through a detailed presentation of a single trial. The case is
         set in Denver (only Colorado and Texas allow cameras inside a courtroom). It pits The City
         and County of Denver vs. Lauren R. Watson. The charges: resisting a police officer (Officer
         Kobert C. Cantwell) in the discharge of his duty,' and interfering with a police officer in
         the discharge of his duty." The larger implications of the case involve the conflict
         between police and Black Panthers (Watson, a member of the Black Panthers at the time of
         the trial, has recently been purged from the Party), and the system of legal justice as it
         applies to blacks and other traditionally underprivileged groups. The other "principals"
         are Judge Zita Weinshienk, an attractive and sympathetic young woman; Defense Attorney
         Leonard Davies, a 28-year-old local lawyer; Wright Morgan, assistant city attorney, who
         offers a sharp contrast to Davies in both age and style; and police Officer Robert C.
         Cantwell, Watson's antagonist. Each of these principals comments on the trial and on
         critical factors involved in it during a series of interviews, which are interspersed into
         the trial. The charge against Watson stems from an incident that occurred on November 6,
         1968 - the day after President Nixon's election. Cantwell contends that he attempted to
         stop Watson for speeding, but was repeatedly thwarted after twice entering his car and
         notifying him that he was under arrest. Finally, at a service station, Cantwell says he was
         able to subdue Watson with assistance from three other policemen. Watson's story conflicts
         in almost every detail with that of Cantwell. He states that the policeman had driven past
         his house early in the day, gloating about Nixon's victory, waving a fist at him and
         shouting "White Power." He also swears that Cantwell never formally arrested him and that
         he submitted in the service station without a struggle. Each of the four programs will
         contain legal analysis by James Vorenberg, professor of law, Harvard Law School. Vorenberg
         is also director of the Center for Criminal Justice at Harvard Law School. He was executive
         director of President Johnson's Commission on Law Enforcement and Administration of Justice
         (1964-67) and director, Office of Criminal Justice (1964-65). From 1954 to 1962 he was a
         member of the firm of Ropes and Gray, after clerking under Supreme Court Justice Felix
         Frankfurter from 1953 to 1954. He received his LL.B. from Harvard in 1951, after graduating
         from the same school in 1948. During each program, Vorenberg will comment on legal
         subtleties and legal protocol, as defined within the trial. Additional Description from NET
         Press Release from April 2, 1971: NET''s "Trial," a Saturday Review Television Award and
         Cannes Film Festival winner, which critics hailed as "excellent" and
         "precedent-shattering," will be repeated on PBS, Wednesdays, April 21, 28 and May 5 and 12,
         at 8:30 p.m. (in New York on WNET/Channel 13). Fully titled "Trial - The City and County of
         Denver vs. Lauren R. Watson," the four-part program deals with the trial of a Black
         militant. It was produced by the Robert Fresco and Denis Sanders (co-makers of the
         Oscar-winning "Czechoslovakia '68) and when broadcast last March marked the first time on
         American television that the judicial system was examined through a detailed presentation
         of a single trial. Marvin Kitman of Newsday hailed it "as an exciting combination of
         education and entertainment...destined to be a landmark innovation in television
         programming." "A precedent-shattering television series (which is) excellent," said
         Lawrence Laurent of The Washington Post. And Norman Mark of the Chicago Daily News wrote
         that it offered "the best dissection of a public trial ever...on television." The four
         ninety-minute parts correspond with the trial's four days which took place in March 1969.
         The trial involves a charge of resisting a police officer in the discharge of his duty and
         interfering with a police officer in the discharge of his duty. Watson, the defendant - at
         the time of his arrest a member of the Black Panther Party - counters with charges that he
         is a victim of police harassment. On the day of Watson's arrest - November 6, 1968 - he
         testifies that Patrolman Robert Cantwell shook his fist at him and shouted "white power" -
         a reference to Richard Nixon's election victory. The antagonism between Watson and the
         Denver police forms an undercurrent within the trial and is a basis of attorney Leonard
         Davies' defense of Watson. "The issue has national implications, involving police and
         Panthers, the American system and the black man," says Don Dixon, NET's director of public
         affairs programming. "The case is really a microcosm, reflecting one of our country's most
         critical concerns." Within the program, the camera ranges freely from courtroom to judge's
         chambers. There are also interviews with all major participants in the trial - Watson,
         Davies, arresting officer Cantwell, Judge Zita Weinshienk, and City Attorney Wright
         Morgan.</marc:subfield>
      </marc:datafield>
      <marc:datafield tag="337" ind1=" " ind2=" ">
         <marc:subfield code="a">Moving Image</marc:subfield>
         <marc:subfield code="2">MAVIS media type controlled vocabulary</marc:subfield>
      </marc:datafield>
      <marc:datafield tag="024" ind1="8" ind2=" ">
         <marc:subfield code="a">2420639</marc:subfield>
         <marc:subfield code="2">MAVIS Title Number</marc:subfield>
      </marc:datafield>
      <marc:datafield tag="024" ind1="8" ind2=" ">
         <marc:subfield code="a">TCDL</marc:subfield>
         <marc:subfield code="2">NET/PBS NOLA</marc:subfield>
      </marc:datafield>
      <marc:datafield tag="024" ind1="8" ind2=" ">
         <marc:subfield code="a">0 (PBS-1994.xls)</marc:subfield>
         <marc:subfield code="2">NET/PBS number</marc:subfield>
      </marc:datafield>
      <marc:datafield tag="024" ind1="8" ind2=" ">
         <marc:subfield code="a">n 42037235 (ILS series uniform
         title)</marc:subfield>
         <marc:subfield code="2">Library of Congress Control Number</marc:subfield>
      </marc:datafield>
      <marc:datafield tag="024" ind1="8" ind2=" ">
         <marc:subfield code="a">269 (NET journal)</marc:subfield>
         <marc:subfield code="2">NET/PBS number</marc:subfield>
      </marc:datafield>
      <marc:datafield tag="546" ind1=" " ind2=" ">
         <marc:subfield code="a">English</marc:subfield>
      </marc:datafield>
      <marc:datafield tag="787" ind1="0" ind2=" ">
         <marc:subfield code="w">120446</marc:subfield>
         <marc:subfield code="n">MAVIS id number</marc:subfield>
      </marc:datafield>
      <marc:datafield tag="653" ind1=" " ind2=" ">
         <marc:subfield code="a">Law</marc:subfield>
         <marc:subfield code="0">http://id.loc.gov/authorities/subjects/sh85075119</marc:subfield>
      </marc:datafield>
      <marc:datafield tag="653" ind1=" " ind2=" ">
         <marc:subfield code="a">Trials</marc:subfield>
         <marc:subfield code="0">http://id.loc.gov/authorities/subjects/sh85137328</marc:subfield>
      </marc:datafield>
      <marc:datafield tag="653" ind1=" " ind2=" ">
         <marc:subfield code="a">United States--Race relations</marc:subfield>
         <marc:subfield code="0">http://id.loc.gov/authorities/subjects/sh85140494</marc:subfield>
      </marc:datafield>
      <marc:datafield tag="653" ind1=" " ind2=" ">
         <marc:subfield code="a">Black Panther Party</marc:subfield>
         <marc:subfield code="0">http://id.loc.gov/authorities/names/n80095585</marc:subfield>
      </marc:datafield>
      <marc:datafield tag="653" ind1=" " ind2=" ">
         <marc:subfield code="a">Denver (Colo.)</marc:subfield>
         <marc:subfield code="0">http://id.loc.gov/authorities/names/n79055157</marc:subfield>
      </marc:datafield>
      <marc:datafield tag="245" ind1="0" ind2="0">
         <marc:subfield code="a">Trial, the city and county of Denver versus Lauren R.
         Watson. [unidentified episode].</marc:subfield>
         <marc:subfield code="b">a production of NET Division, Educational
         Broadcasting Corporation ; producers, Robert M. Fresco, Denis Sanders ; dierctor, Denis
         Sanders.</marc:subfield>
      </marc:datafield>
      <marc:datafield tag="246" ind1="3" ind2="3">
         <marc:subfield code="a">The city and county of Denver
         versus Lauren R. Watson. [unidentified episode].</marc:subfield>
      </marc:datafield>
      <marc:datafield tag="246" ind1="3" ind2="3">
         <marc:subfield code="a">NET journal. Trial--the
         city and county of Denver vs. Lauren R. Watson. [unidentified episode].</marc:subfield>
      </marc:datafield>
      <marc:datafield tag="246" ind1="3" ind2="3">
         <marc:subfield code="a">NET journal.
         [No. 269], Trial--the city and county of Denver vs. Lauren R. Watson. [unidentified
         episode].</marc:subfield>
      </marc:datafield>
      <marc:datafield tag="246" ind1="3" ind2="3">
         <marc:subfield code="a">Trial--city &amp; county of Denver
         vs. Lauren Watson. [unidentified episode].</marc:subfield>
      </marc:datafield>
      <marc:datafield tag="246" ind1="3" ind2="3">
         <marc:subfield code="a">Trial--the city and county of Denver
         vs. Lauren R. Watson. [Part 1], The first day--selection of the jury.</marc:subfield>
      </marc:datafield>
      <marc:datafield tag="246" ind1="3" ind2="3">
         <marc:subfield code="a">NET journal. [1970-03]. Trial--the city and county of
         Denver versus Lauren R. Watson.</marc:subfield>
      </marc:datafield>
      <marc:datafield tag="655" ind1=" " ind2="0">
         <marc:subfield code="a">Documentary television programs
         (lcgft)</marc:subfield>
         <marc:subfield code="0">http://id.loc.gov/authorities/genreForms/gf2011026207</marc:subfield>
      </marc:datafield>
      <marc:datafield tag="655" ind1=" " ind2="0">
         <marc:subfield code="a">Nonfiction television programs
         (lcgft)</marc:subfield>
         <marc:subfield code="0">http://id.loc.gov/authorities/genreForms/gf2011026425</marc:subfield>
      </marc:datafield>
   </marc:record>