
   <marc:record>
      <marc:leader>      am         3u     </marc:leader>
      <marc:datafield tag="042" ind1=" " ind2=" ">
         <marc:subfield code="a">dc</marc:subfield>
      </marc:datafield>
      <marc:datafield tag="720" ind1=" " ind2=" ">
         <marc:subfield code="a">National Educational Television and Radio Center</marc:subfield>
         <marc:subfield code="e">Broadcaster</marc:subfield>
         <marc:subfield code="0">http://id.loc.gov/authorities/names/n80050382</marc:subfield>
      </marc:datafield>
      <marc:datafield tag="720" ind1=" " ind2=" ">
         <marc:subfield code="a">National
         Educational Television and Radio Center</marc:subfield>
         <marc:subfield code="e">Presenter</marc:subfield>
         <marc:subfield code="0">http://id.loc.gov/authorities/names/n80050382</marc:subfield>
      </marc:datafield>
      <marc:datafield tag="720" ind1=" " ind2=" ">
         <marc:subfield code="a">Intertel</marc:subfield>
         <marc:subfield code="e">Undetermined</marc:subfield>
         <marc:subfield code="0">http://id.loc.gov/authorities/names/nr98038189</marc:subfield>
      </marc:datafield>
      <marc:datafield tag="720" ind1=" " ind2=" ">
         <marc:subfield code="a">Meldrum,
         Max</marc:subfield>
         <marc:subfield code="e">Narrator</marc:subfield>
         <marc:subfield code="0">http://id.loc.gov/authorities/names/n98096551</marc:subfield>
      </marc:datafield>
      <marc:datafield tag="720" ind1=" " ind2=" ">
         <marc:subfield code="a">Australian Broadcasting Commission</marc:subfield>
         <marc:subfield code="e">Production Company</marc:subfield>
         <marc:subfield code="0">http://id.loc.gov/authorities/names/n80157635</marc:subfield>
      </marc:datafield>
      <marc:datafield tag="720" ind1=" " ind2=" ">
         <marc:subfield code="a">Adam,
         Keith</marc:subfield>
         <marc:subfield code="e">Writer</marc:subfield>
         <marc:subfield code="0">http://id.loc.gov/authorities/names/n79042769</marc:subfield>
      </marc:datafield>
      <marc:datafield tag="720" ind1=" " ind2=" ">
         <marc:subfield code="a">Watts, Ken</marc:subfield>
         <marc:subfield code="e">Executive Producer</marc:subfield>
      </marc:datafield>
      <marc:datafield tag="720" ind1=" " ind2=" ">
         <marc:subfield code="a">Brealey, Gil</marc:subfield>
         <marc:subfield code="e">Producer</marc:subfield>
      </marc:datafield>
      <marc:datafield tag="720" ind1=" " ind2=" ">
         <marc:subfield code="a">Brealey, Gil</marc:subfield>
         <marc:subfield code="e">Director</marc:subfield>
      </marc:datafield>
      <marc:datafield tag="260" ind1=" " ind2=" ">
         <marc:subfield code="c">1969-9-8</marc:subfield>
      </marc:datafield>
      <marc:datafield tag="260" ind1=" " ind2=" ">
         <marc:subfield code="c">1969</marc:subfield>
      </marc:datafield>
      <marc:datafield tag="260" ind1=" " ind2=" ">
         <marc:subfield code="c">1970-5-11</marc:subfield>
      </marc:datafield>
      <marc:datafield tag="260" ind1=" " ind2=" ">
         <marc:subfield code="c">1970-7-20</marc:subfield>
      </marc:datafield>
      <marc:datafield tag="520" ind1=" " ind2=" ">
         <marc:subfield code="a">From NET microfiche: The two competing trumpeters at the St. Andrew's day
         festival serve as symbols of Malta's class rivalry - especially in its cloistered village
         life. Anthony Theura of the Union Club brass band is an industrial worker at the Malta
         dockyard; he is the father of ten children; and he is a member of the socialist Labour
         Party - the opposition party out of favor with the church. John Calleja of St. Andrew's
         Club brass band works at the British Air Force base; like the other members of St. Andrew's
         Club, his politics are conservative, and he supports the Church-backed Nationalist Party,
         which is presently in power. The documentary examines these two warring parties in terms of
         Malta's striving for progress since the island gained its independence from Britain. Malta
         is Europe's poorest country in terms of per capita income. A small country, it has little
         opportunity for industrial development. Even its prospects for tourism are limited by
         topographic considerations. Sir Sadler Forster, British industrial adviser, remarks: "You
         can't put too many hotels on it or too many industries, otherwise they'd all be toppling
         into the sea." But the alternate course, based on ties with other nations, is also
         dismissed by Dom Mintoff, leader of the Malta Labour Party: "We don't like NATO and the
         Soviet Navy coming here We're most eager to see that our people earn their living through
         tourism and industry and agriculture and fishing, not just by being stooges of some other
         nation who will use us for war purposes." For many, emigration has become necessary, and
         John Calleja raises this possibility for himself and his family. Meanwhile, village life
         remains virtually medieval. "Luqa is curiously remote, still part of the rural tradition,
         with goats and horses in the streets, with the stone-walled wheat fields just outside the
         town." And in the village of Luqa, the pervasive force of the Catholic Church asserts
         itself most patently. Mintoff recalls a meeting of the Labour Party which was made
         ineffectual by the ringing of the church bells- a political ploy directed against a party
         that is consistently critical of the Church. The program concludes with the question: "How
         long can it go on - the village rivalry which has absorbed the Maltese for generations? How
         long before events force them to look outwards and join the rest of the world in this
         uniform, metropolitan, industrial century?" Suggested Newspaper Listing: NET JOURNAL - "Two
         Trumpets for St. Andrew": The rivalry between the classes in a Malta village is personified
         by trumpeters of two contesting brass bands playing at a feast day for St. Andrew.
         Narrator: Max Meldrum.</marc:subfield>
      </marc:datafield>
      <marc:datafield tag="337" ind1=" " ind2=" ">
         <marc:subfield code="a">Moving Image</marc:subfield>
         <marc:subfield code="2">MAVIS media type controlled vocabulary</marc:subfield>
      </marc:datafield>
      <marc:datafield tag="024" ind1="8" ind2=" ">
         <marc:subfield code="a">2340430</marc:subfield>
         <marc:subfield code="2">MAVIS Title Number</marc:subfield>
      </marc:datafield>
      <marc:datafield tag="024" ind1="8" ind2=" ">
         <marc:subfield code="a">TTSA</marc:subfield>
         <marc:subfield code="2">NET/PBS NOLA</marc:subfield>
      </marc:datafield>
      <marc:datafield tag="024" ind1="8" ind2=" ">
         <marc:subfield code="a">0</marc:subfield>
         <marc:subfield code="2">NET/PBS number</marc:subfield>
      </marc:datafield>
      <marc:datafield tag="024" ind1="8" ind2=" ">
         <marc:subfield code="a">247?</marc:subfield>
         <marc:subfield code="2">NET/PBS number</marc:subfield>
      </marc:datafield>
      <marc:datafield tag="024" ind1="8" ind2=" ">
         <marc:subfield code="a">274?</marc:subfield>
         <marc:subfield code="2">NET/PBS number</marc:subfield>
      </marc:datafield>
      <marc:datafield tag="024" ind1="8" ind2=" ">
         <marc:subfield code="a">282?</marc:subfield>
         <marc:subfield code="2">NET/PBS number</marc:subfield>
      </marc:datafield>
      <marc:datafield tag="546" ind1=" " ind2=" ">
         <marc:subfield code="a">English</marc:subfield>
      </marc:datafield>
      <marc:datafield tag="653" ind1=" " ind2=" ">
         <marc:subfield code="a">Trumpet players</marc:subfield>
         <marc:subfield code="0">http://id.loc.gov/authorities/subjects/sh85138218</marc:subfield>
      </marc:datafield>
      <marc:datafield tag="653" ind1=" " ind2=" ">
         <marc:subfield code="a"/>
      </marc:datafield>
      <marc:datafield tag="653" ind1=" " ind2=" ">
         <marc:subfield code="a">Malta</marc:subfield>
         <marc:subfield code="0">http://id.loc.gov/authorities/names/n79145770</marc:subfield>
      </marc:datafield>
      <marc:datafield tag="245" ind1="0" ind2="0">
         <marc:subfield code="a">Two trumpets for St. Andrew.</marc:subfield>
         <marc:subfield code="b">Australian Broadcasting Commission ; for
         Intertel ; NET presentation ; executive producer, Ken Watts ; producer-director, Gill
         Brealey ; writer, Keith Adam.</marc:subfield>
      </marc:datafield>
      <marc:datafield tag="246" ind1="3" ind2="3">
         <marc:subfield code="a">Intertel. Two trumpets for
         St. Andrew.</marc:subfield>
      </marc:datafield>
      <marc:datafield tag="246" ind1="3" ind2="3">
         <marc:subfield code="a">NET journal. Two
         trumpets for St. Andrew.</marc:subfield>
      </marc:datafield>
      <marc:datafield tag="246" ind1="3" ind2="3">
         <marc:subfield code="a">NET journal. [No. 247], Two trumpets for St.
         Andrew.</marc:subfield>
      </marc:datafield>
      <marc:datafield tag="246" ind1="3" ind2="3">
         <marc:subfield code="a">NET journal. [No. 274], Two trumpets for St.
         Andrew.</marc:subfield>
      </marc:datafield>
      <marc:datafield tag="246" ind1="3" ind2="3">
         <marc:subfield code="a">NET journal. [No. 282], Two trumpets for St.
         Andrew.</marc:subfield>
      </marc:datafield>
      <marc:datafield tag="655" ind1=" " ind2="0">
         <marc:subfield code="a">Documentary television programs
         (lcgft)</marc:subfield>
         <marc:subfield code="0">http://id.loc.gov/authorities/genreForms/gf2011026207</marc:subfield>
      </marc:datafield>
      <marc:datafield tag="655" ind1=" " ind2="0">
         <marc:subfield code="a">Nonfiction television programs
         (lcgft)</marc:subfield>
         <marc:subfield code="0">http://id.loc.gov/authorities/genreForms/gf2011026425</marc:subfield>
      </marc:datafield>
   </marc:record>