
   <marc:record>
      <marc:leader>      am         3u     </marc:leader>
      <marc:datafield tag="042" ind1=" " ind2=" ">
         <marc:subfield code="a">dc</marc:subfield>
      </marc:datafield>
      <marc:datafield tag="720" ind1=" " ind2=" ">
         <marc:subfield code="a">Heron,
         Joyce</marc:subfield>
         <marc:subfield code="e">Cast/Actor</marc:subfield>
         <marc:subfield code="0">http://id.loc.gov/authorities/names/n2009061977</marc:subfield>
      </marc:datafield>
      <marc:datafield tag="720" ind1=" " ind2=" ">
         <marc:subfield code="a">National Educational Television and Radio Center</marc:subfield>
         <marc:subfield code="e">Broadcaster</marc:subfield>
         <marc:subfield code="0">http://id.loc.gov/authorities/names/n80050382</marc:subfield>
      </marc:datafield>
      <marc:datafield tag="720" ind1=" " ind2=" ">
         <marc:subfield code="a">Ingham,
         Barrie</marc:subfield>
         <marc:subfield code="e">Cast/Actor</marc:subfield>
         <marc:subfield code="0">http://id.loc.gov/authorities/names/nr94012146</marc:subfield>
      </marc:datafield>
      <marc:datafield tag="720" ind1=" " ind2=" ">
         <marc:subfield code="a">Hafner, Ingrid</marc:subfield>
         <marc:subfield code="e">Cast/Actor</marc:subfield>
      </marc:datafield>
      <marc:datafield tag="720" ind1=" " ind2=" ">
         <marc:subfield code="a">Barrington, Michael</marc:subfield>
         <marc:subfield code="e">Cast/Actor</marc:subfield>
         <marc:subfield code="0">http://id.loc.gov/authorities/names/no00042038</marc:subfield>
      </marc:datafield>
      <marc:datafield tag="720" ind1=" " ind2=" ">
         <marc:subfield code="a">Wood,
         John, 1930-2011</marc:subfield>
         <marc:subfield code="e">Cast/Actor</marc:subfield>
         <marc:subfield code="0">http://id.loc.gov/authorities/names/no96042226</marc:subfield>
      </marc:datafield>
      <marc:datafield tag="720" ind1=" " ind2=" ">
         <marc:subfield code="a">Granada Television</marc:subfield>
         <marc:subfield code="e">Production Company</marc:subfield>
         <marc:subfield code="0">http://id.loc.gov/authorities/names/n50057708</marc:subfield>
      </marc:datafield>
      <marc:datafield tag="720" ind1=" " ind2=" ">
         <marc:subfield code="a">Taylor, Tom,
         1817-1880</marc:subfield>
         <marc:subfield code="e">Writer</marc:subfield>
         <marc:subfield code="0">http://id.loc.gov/authorities/names/n82208076</marc:subfield>
      </marc:datafield>
      <marc:datafield tag="260" ind1=" " ind2=" ">
         <marc:subfield code="c">1967-7-28</marc:subfield>
      </marc:datafield>
      <marc:datafield tag="520" ind1=" " ind2=" ">
         <marc:subfield code="a">From NET microfiche: General Description of Series: THE VICTORIANS series
         consists of eight one-hour plays reflecting life in England in the mid-1800s. The plays
         are: "The Rent Day" by Douglas Jerrold; "London Assurance" by Dion Boucicault; "Society" by
         T. W. Robertson; "The Ticket-of-Leave Man" by Tom Taylor; "Two Roses " by James Albery;
         "Still Waters Run Deep" by Tom Taylor; "The Silver Ring" by Henry Arthur Jones and Henry
         Herman; "Sweet Lavender" by Arthur W. Pinero. All the plays in the series were great
         successes when first produced and for many years afterwards, though they have now --
         undeservedly -- vanished from the repertoire of the current English theater. Produced with
         complete respect for the intentions of the original dramatists, the plays range in date
         from the eighteen-thirties to the eighteen-eighties, and in style from high comedy to
         strong drama. Whatever the style, Victorian theatergoers found the plays excellent
         entertainment. For today's audience they provide, besides their entertainment value, a
         lifelike picture of the Victorian age. In sum, the plays show a vigorous bustling
         money-making society. Every other theme -- class, sex, marriage, crime -- is seen in
         relation to money. Poverty makes a man a criminal. Lack of money makes it impossible for a
         man to marry the girl he loves. Possession of money makes it impossible for the vulgarian
         to enter society. The old aristocracy is still trying to hold its own, but the middle
         classes progressively become the image of England. More and more, the plays become
         populated by merchants, lawyers, bill-brokers, dishonest company promoters and self-made
         men. This social ferment of a hundred years ago played a large part in creating the England
         of today. During these turbulent years, there appeared a number of young writers eager to
         write plays reflecting -- and commenting on -- the times in which they lived. The best of
         these, all produced on the stage at the time, make up THE VICTORIANS. The plays are
         performed by The Company of Seven, a group specially formed by Granada TV for the series.
         They are: Patricia Garwood, Charles Kay, Ingrid Hafner, Geoffrey Bayldon, Michael
         Barrington, Barrie Ingham, and John Wood. NET Playhouse #43: The Victorians: Still Waters
         Run Deep "Still Waters Run Deep," by Tom Taylor, was first produced at the Olympic Theatre,
         London, in 1856. One of the play's central characters is Captain Hawksley, an easy charmer,
         whose talk of moonlight elopements thrills the ladies while his "surefire" business deals
         impress the men. In comparison, young John Mildmay seems pretty dull. He does not talk as
         confidently or as often as the Captain. His easy-going personality and unassuming manner
         are easily mistaken for lack of will and character. But in a time of crisis, when honor is
         at stake, John proves himself a man to be reckoned with -- even by the most blustering
         regimental officers. Program is followed by filler : Jacques Loussier's "Play Bach" trio
         plays jazz versions of Johann Sebastian Bach works. This week they play: Chorale: May God
         be Merciful to Us, Part 1: Trio. Suggested Newspaper Listing: N.E.T. PLAYHOUSE - THE
         VICTORIANS: An officer who is by no means a gentleman is one of the central characters in
         "Still Waters Run Deep," the next in a series of plays depicting life in Victorian
         England.</marc:subfield>
      </marc:datafield>
      <marc:datafield tag="024" ind1="8" ind2=" ">
         <marc:subfield code="a">2340456</marc:subfield>
         <marc:subfield code="2">MAVIS Title Number</marc:subfield>
      </marc:datafield>
      <marc:datafield tag="024" ind1="8" ind2=" ">
         <marc:subfield code="a">VCTR</marc:subfield>
         <marc:subfield code="2">NET/PBS NOLA</marc:subfield>
      </marc:datafield>
      <marc:datafield tag="024" ind1="8" ind2=" ">
         <marc:subfield code="a">106</marc:subfield>
         <marc:subfield code="2">NET/PBS number</marc:subfield>
      </marc:datafield>
      <marc:datafield tag="653" ind1=" " ind2=" ">
         <marc:subfield code="a">Great Britain--Social life and
         customs--19th century</marc:subfield>
         <marc:subfield code="0">http://id.loc.gov/authorities/subjects/sh85056952</marc:subfield>
      </marc:datafield>
      <marc:datafield tag="245" ind1="0" ind2="0">
         <marc:subfield code="a">The Victorians. Still waters run deep.</marc:subfield>
         <marc:subfield code="b">Granada Television production ; a National
         Educational Television presentation.</marc:subfield>
      </marc:datafield>
      <marc:datafield tag="246" ind1="3" ind2="3">
         <marc:subfield code="a">Still waters run deep.</marc:subfield>
      </marc:datafield>
      <marc:datafield tag="246" ind1="3" ind2="3">
         <marc:subfield code="a">NET playhouse. [1967-07-28]. The Victorians. [Program
         6], Still waters run deep.</marc:subfield>
      </marc:datafield>
      <marc:datafield tag="246" ind1="3" ind2="3">
         <marc:subfield code="a">NET playhouse. [No. 43], The Victorians. [Program 6],
         Still waters run deep.</marc:subfield>
      </marc:datafield>
      <marc:datafield tag="655" ind1=" " ind2="0">
         <marc:subfield code="a">Fiction television programs
         (lcgft)</marc:subfield>
         <marc:subfield code="0">http://id.loc.gov/authorities/genreForms/gf2011026252\n</marc:subfield>
      </marc:datafield>
      <marc:datafield tag="655" ind1=" " ind2="0">
         <marc:subfield code="a">Televised plays (lcgft)</marc:subfield>
         <marc:subfield code="0">http://id.loc.gov/authorities/genreForms/gf2011026647</marc:subfield>
      </marc:datafield>
   </marc:record>