
   <marc:record>
      <marc:leader>      am         3u     </marc:leader>
      <marc:datafield tag="042" ind1=" " ind2=" ">
         <marc:subfield code="a">dc</marc:subfield>
      </marc:datafield>
      <marc:datafield tag="720" ind1=" " ind2=" ">
         <marc:subfield code="a">National Educational Television and Radio Center</marc:subfield>
         <marc:subfield code="e">Broadcaster</marc:subfield>
         <marc:subfield code="0">http://id.loc.gov/authorities/names/n80050382</marc:subfield>
      </marc:datafield>
      <marc:datafield tag="720" ind1=" " ind2=" ">
         <marc:subfield code="a">Child,
         Julia</marc:subfield>
         <marc:subfield code="e">Host</marc:subfield>
         <marc:subfield code="0">http://id.loc.gov/authorities/names/n79096956</marc:subfield>
      </marc:datafield>
      <marc:datafield tag="720" ind1=" " ind2=" ">
         <marc:subfield code="a">Haller, Henri</marc:subfield>
         <marc:subfield code="e">Interviewee</marc:subfield>
      </marc:datafield>
      <marc:datafield tag="720" ind1=" " ind2=" ">
         <marc:subfield code="a">Lockwood, Ruth (producer)</marc:subfield>
         <marc:subfield code="e">Producer</marc:subfield>
      </marc:datafield>
      <marc:datafield tag="720" ind1=" " ind2=" ">
         <marc:subfield code="a">WGBH (Television station : Boston, Mass.)</marc:subfield>
         <marc:subfield code="e">Production Company</marc:subfield>
         <marc:subfield code="0">http://id.loc.gov/authorities/names/n80089989</marc:subfield>
      </marc:datafield>
      <marc:datafield tag="260" ind1=" " ind2=" ">
         <marc:subfield code="c">1968-4-16</marc:subfield>
      </marc:datafield>
      <marc:datafield tag="260" ind1=" " ind2=" ">
         <marc:subfield code="c">1967-11</marc:subfield>
      </marc:datafield>
      <marc:datafield tag="520" ind1=" " ind2=" ">
         <marc:subfield code="a">Julia Child hosts a documentary special that takes viewers behind the scenes
         as the Johnson White House prepares for a state dinner. She interviews key presidential
         staff members and explores the grand dining rooms and narrow stairwells. She meets White
         House executive chef Henri Haller and shows the kitchen preparations for the state dinner.
         Through the eyes of Mrs. Child, viewers see how the White House chef faces many of the same
         problems as the housewife in her own kitchen. The guest of honor is Japanese prime minister
         Eisaku Sato. The dinner for 190 guests is held in two rooms--the State Dining Room (140
         guests) and the Blue Dining Room (50 guests). Guests included Vice President and Mrs.
         Hubert Humphrey, cabinet ministers, foreign ambassadors, deputy ministers, American
         governors and local politicians, the chairman of the Atomic Energy Commission, the chairman
         of U.S. Steel, a poet, John D. Rockefeller IV, Professor S. I. Hayakawa, the president of
         CBS, the president of the International Union of Operating Engineers, General William D.
         Eckert, the commissioner of baseball, St. Louis Cardinals' pitcher Bob Gibson, George
         Steinbrenner, Maxwell Taylor, Kirk Douglas and Ida Lupino. As a guest at the dinner, Child
         provides commentary on the menu, the service and the decor. After dinner, Tony Bennett and
         his band perform in the East Room. Menu: seafood vol-au-vent; sauteed noisette (filet) of
         lamb, topped with a fluted mushroom cap, napped with a brown deglazed sauce; artichoke
         bottoms filled with a sauce Choron; white asparagus polonais ; garden salad ; ripened
         cheese and grapes; selection of small-batch American wines ; dessert: Bavarian cream mousde
         flavored with fresh strawberries (dessert prepared by pastry chef Ferdinand Louvat) Four
         days of filming in November 1967 were condensed into a 48-minute finished program,
         scheduled to air in April 1968.</marc:subfield>
      </marc:datafield>
      <marc:datafield tag="337" ind1=" " ind2=" ">
         <marc:subfield code="a">Moving Image</marc:subfield>
         <marc:subfield code="2">MAVIS media type controlled vocabulary</marc:subfield>
      </marc:datafield>
      <marc:datafield tag="024" ind1="8" ind2=" ">
         <marc:subfield code="a">2333336</marc:subfield>
         <marc:subfield code="2">MAVIS Title Number</marc:subfield>
      </marc:datafield>
      <marc:datafield tag="024" ind1="8" ind2=" ">
         <marc:subfield code="a">WHRC</marc:subfield>
         <marc:subfield code="2">NET/PBS NOLA</marc:subfield>
      </marc:datafield>
      <marc:datafield tag="024" ind1="8" ind2=" ">
         <marc:subfield code="a">1</marc:subfield>
         <marc:subfield code="2">NET/PBS number</marc:subfield>
      </marc:datafield>
      <marc:datafield tag="546" ind1=" " ind2=" ">
         <marc:subfield code="a">English</marc:subfield>
      </marc:datafield>
      <marc:datafield tag="787" ind1="0" ind2=" ">
         <marc:subfield code="w">2121669</marc:subfield>
         <marc:subfield code="n">MAVIS id number</marc:subfield>
      </marc:datafield>
      <marc:datafield tag="653" ind1=" " ind2=" ">
         <marc:subfield code="a">White House
         (Washington, D.C.)</marc:subfield>
      </marc:datafield>
      <marc:datafield tag="245" ind1="0" ind2="0">
         <marc:subfield code="a">White House red carpet.</marc:subfield>
         <marc:subfield code="b">Presented by National Educational Television ;
         produced by WGBH-TV, Boston ; producer, Ruth Lockwood ; director, Russ Morash.</marc:subfield>
      </marc:datafield>
      <marc:datafield tag="246" ind1="3" ind2="3">
         <marc:subfield code="a">Julia Child at
         the White House.</marc:subfield>
      </marc:datafield>
      <marc:datafield tag="246" ind1="3" ind2="3">
         <marc:subfield code="a">White House red carpet with Julia
         Child. (NET festival).</marc:subfield>
      </marc:datafield>
      <marc:datafield tag="246" ind1="3" ind2="3">
         <marc:subfield code="a">NET playhouse. White House red
         carpet.</marc:subfield>
      </marc:datafield>
      <marc:datafield tag="246" ind1="3" ind2="3">
         <marc:subfield code="a">White House red carpet with Julia
         Child.</marc:subfield>
      </marc:datafield>
      <marc:datafield tag="246" ind1="3" ind2="3">
         <marc:subfield code="a">Julia Child special.</marc:subfield>
      </marc:datafield>
      <marc:datafield tag="246" ind1="3" ind2="3">
         <marc:subfield code="a">NET festival. White House red carpet.</marc:subfield>
      </marc:datafield>
      <marc:datafield tag="655" ind1=" " ind2="0">
         <marc:subfield code="a">Documentary television programs
         (lcgft)</marc:subfield>
         <marc:subfield code="0">http://id.loc.gov/authorities/genreForms/gf2011026207</marc:subfield>
      </marc:datafield>
      <marc:datafield tag="655" ind1=" " ind2="0">
         <marc:subfield code="a">Nonfiction television programs
         (lcgft)</marc:subfield>
         <marc:subfield code="0">http://id.loc.gov/authorities/genreForms/gf2011026425</marc:subfield>
      </marc:datafield>
   </marc:record>